3150 5136
462 482 582 540 noros
608 485 659 541 ou
686 485 842 542 sacrior
868 485 956 540 xuv.
1186 467 1256 540 165

166 635 308 728 insuper
325 641 538 733 emergentis
555 641 678 732 audiri,
694 643 892 734 formasque
910 640 1067 724 deorum,
1084 648 1122 710 et
1138 643 1254 712 radios

165 753 308 844 capitis²
334 757 440 848 aspici
458 759 634 854 persuasio
660 759 792 852 adjicit.
843 757 936 829 Illuc
953 781 1064 850 usque
1082 761 1134 852 (et
1157 758 1252 828 fama

167 873 263 964 vera)
283 874 423 942 tantum
434 883 569 945 natura.
621 875 716 969 Ergo
728 877 803 967 jam
823 876 949 946 dextro
967 873 1109 945 Suevici
1128 876 1251 945 maris⁸

168 981 271 1056 litore
288 987 479 1060 AEstiorum
500 993 643 1086 gentes*
668 991 869 1063 alluuntur:
895 991 1022 1084 quibus
1048 991 1137 1062 ritus
1153 992 1251 1061 habi·

165 1109 292 1194 tusque
326 1104 534 1190 Suevorum,
565 1107 687 1204 lingua
713 1107 926 1179 Britannicae
953 1109 1118 1202 propior.⁵
1169 1107 1251 1208 Ma-

165 1225 255 1288 tram
283 1221 388 1292 defrm
415 1234 645 1296 venerantur:
672 1227 810 1319 insigne
835 1226 1103 1318 superstitionis,
1122 1225 1251 1296 formas

164 1357 326 1425 aprorum
348 1349 500 1433 gestant.
552 1340 595 1412 Id
621 1365 683 1435 pro
709 1343 815 1412 armis
841 1343 1008 1434 omnique
1034 1339 1170 1411 tuteld:
1198 1364 1249 1412 se-

163 1473 286 1524 curum
329 1457 402 1526 deae
444 1457 615 1528 cultorem
657 1461 765 1530 etiam
808 1459 902 1528 inter
941 1459 1060 1528 hostes
1096 1468 1248 1550 praestat.

163 1565 275 1640 Rarus
303 1573 394 1656 ferri,
426 1575 589 1668 frequens
619 1577 765 1647 fustium
788 1597 879 1646 usus.
933 1573 1128 1645 Frumento
1155 1585 1250 1645 ceta-

163 1707 288 1779 rosque
318 1689 453 1762 fructus
487 1693 689 1784 patientius,
722 1692 829 1785 quum
863 1715 927 1784 pro
962 1689 1068 1762 soliti
1102 1690 1248 1762 Germa·

162 1823 289 1872 norum
323 1805 461 1891 inertia,
496 1808 664 1880 laborant.
716 1809 788 1881 Sed
822 1817 858 1879 et
896 1831 993 1878 mare
1027 1816 1250 1890 scrutantur;

163 1941 204 1988 ac
239 1919 303 1989 soli
334 1925 490 1994 omnium
522 1928 713 2011 succinum,
744 1926 838 2018 quod
868 1926 934 2018 ipsi
952 1921 1080 2020 plerum
1109 1933 1247 2006 vocant,

130 2125 131 2130 ἵ
164 2035 259 2107 inter
292 2039 380 2107 vada
413 2051 520 2133 atque
553 2043 590 2111 in
620 2042 695 2136 ipso
726 2041 829 2111 litore
860 2040 994 2134 legunt.
1047 2039 1138 2123 Nec,
1169 2065 1247 2134 quae

164 2159 298 2236 natura,
316 2177 437 2245 quaeve
454 2158 544 2226 ratio
560 2159 693 2250 gignat,
711 2167 751 2227 ut
769 2156 934 2239 barbaria,
948 2158 1134 2249 quaesitum
1152 2179 1248 2227 com-

163 2277 359 2359 pertumve.
411 2271 484 2342 Diu
511 2275 705 2365 quinetiam
735 2274 829 2342 inter
862 2274 1249 2366 cetera,ejectameuta

163 2387 268 2456 maris
294 2389 448 2479 jacebat,
484 2391 595 2462 donec
628 2391 769 2460 luxuria
807 2400 926 2460 nostra
964 2391 1062 2460 dedit
1081 2413 1246 2510 promen:

162 2503 245 2593 ipsis
278 2505 315 2574 in
345 2505 442 2576 nullo
470 2530 558 2592 usu;
593 2508 680 2578 rude
710 2507 850 2600 legitur,
879 2505 1031 2576 informe
1061 2507 1246 2598 perfertur,

162 2621 386 2722 pretiumque
414 2625 582 2695 mirantes
609 2625 798 2717 accipiunt.
851 2621 1003 2693 Succum
1040 2633 1160 2692 tamen
1195 2646 1249 2692 ar-

163 2735 288 2808 borum
319 2763 395 2811 esse
428 2740 616 2834 intelligas,
651 2743 733 2834 quia
767 2750 907 2811 terrena
941 2739 1101 2832 quaedam
1139 2749 1246 2832 atque

161 2855 268 2924 etiam
299 2856 453 2928 volucria
486 2858 650 2929 animalia
677 2857 884 2950 plerumque
914 2856 1140 2938 interlucent,
1171 2879 1248 2948 quae

160 2970 341 3063 implicata
371 2974 528 3058 humore,
556 2999 640 3044 mox
668 2975 876 3044 durescente
906 2971 1065 3056 materiai,
1100 2972 1248 3043 cludun-

161 3099 228 3157 tur.
281 3088 500 3163 Fecundiora
528 3093 637 3185 igitur
663 3113 808 3160 nemora
834 3089 1011 3181 lucosque,
1040 3093 1132 3160 sicut
1166 3089 1246 3161 Ori·

161 3207 254 3276 entis
287 3209 440 3293 secretis,
479 3209 539 3278 ubi
574 3208 680 3278 thura
717 3207 941 3300 balsamaque
975 3207 1156 3286 sudantur,
1192 3208 1243 3276 ita

160 3321 367 3396 Occidentis
400 3326 524 3398 insulis
557 3327 729 3418 terrisque
766 3326 880 3394 inesse
913 3325 1133 3407 crediderim,
1168 3348 1244 3416 quoe

161 3439 268 3509 vicini
294 3441 376 3512 solis
403 3444 508 3514 radiis
537 3465 701 3536 expressa
728 3451 835 3534 atque
866 3440 1039 3534 liquentia
1066 3442 1102 3510 iu
1130 3444 1249 3534 proxi-

158 3579 258 3627 mum
288 3581 384 3629 mare
411 3559 586 3641 labuntur,
613 3581 653 3630 ac
686 3559 720 3628 vi
751 3567 1004 3651 tempestatum
1032 3559 1069 3628 in
1099 3559 1245 3629 adversa

159 3671 264 3743 litora
297 3676 488 3747 exundant.
540 3674 580 3746 Si
618 3685 779 3745 naturam
815 3676 946 3744 succini
981 3675 1125 3744 admoto
1160 3677 1243 3768 igne

158 3797 284 3872 tentes,
311 3792 347 3860 iu
374 3793 518 3863 modum
548 3791 638 3863 tedae
666 3792 880 3875 accenditur,
905 3789 1039 3883 alitque
1064 3789 1243 3860 flammam

156 3907 324 4001 pinguem
353 3913 390 3980 et
420 3909 599 3980 olentem:
634 3931 717 3978 mox
750 3917 791 3977 ut
823 3909 860 3977 in
893 3908 1010 4001 picem
1045 3908 1242 3978 resinamve

157 4022 331 4095 lentescit.
385 4024 575 4097 Suionibus
614 4025 781 4096 Sitonum
815 4033 941 4118 gentes
975 4025 1239 4095 continuantur.

157 4139 287 4212 Cetera
303 4142 445 4225 similes,
463 4165 534 4214 uno
551 4141 727 4225 differunt,
744 4136 841 4234 qudd
860 4141 992 4212 femina
1007 4141 1210 4214 dominatur
1220 4137 1243 4214 :⁶

156 4259 193 4327 in
212 4267 352 4328 tantum
377 4281 449 4330 non
465 4255 571 4332 modo
588 4284 610 4330 a
626 4259 803 4344 libertate,
821 4259 883 4330 sed
905 4259 1014 4332 etiam
1033 4283 1054 4332 a
1071 4260 1243 4331 servitute

156 4375 383 4469 degenerant.
438 4371 510 4447 ch
528 4377 667 4448 Sueviae
682 4376 774 4447 finis.
965 4369 969 4376 ’
