3144 5080
287 345 387 416 lxxiv
566 360 642 416 'run
667 359 848 416 ussurus
874 359 923 418 or
949 361 1117 420 suerrus.

285 531 390 598 Gallia
417 533 601 609 delectatur,
631 551 760 616 quaeque
791 529 931 616 impenso
957 539 1071 617 parant
1099 532 1210 618 pretio,
1240 533 1399 602 Germani

284 633 503 719 importatitiis
519 655 581 698 uon
596 638 747 698 utuntur:
772 630 826 695 sed
841 653 912 714 quae
927 639 1002 696 eunt
1019 632 1105 718 apud
1122 657 1175 699 eos
1190 641 1277 726 nata,
1290 659 1397 721 prava

285 745 380 818 atque
396 733 557 810 deformia,
578 733 644 798 haec
660 731 842 816 quotidiana
863 732 1099 811 exercitatione,
1125 735 1239 801 summi
1260 745 1299 800 ut
1323 739 1394 804 sint

284 833 410 911 laboris,
428 833 576 900 efficiunt.
622 831 828 916 Equestribus
853 830 967 917 proeliis
981 854 1063 919 saepe
1079 835 1221 919 exequie
1236 835 1392 904 desiliunt

284 957 322 1004 ae
352 933 483 1020 pedibus
513 933 715 1019 proeliautur;
747 953 902 1016 equosque
928 930 1038 997 eodem
1065 956 1225 1000 remanere
1252 937 1390 1024 vestigio

284 1033 521 1111 adsuefaciuut3
545 1035 587 1099 ad
612 1055 689 1119 quos
705 1055 738 1098 se
755 1033 906 1111 celeriter,
924 1055 1021 1117 quum
1037 1044 1188 1111 nauseet,
1206 1035 1387 1122 recipiunt:

285 1157 384 1218 neque
401 1158 507 1202 eorum
523 1135 662 1201 moribus
678 1133 800 1225 turpius
814 1132 984 1218 quidquam
1008 1141 1063 1198 aut
1085 1135 1216 1202 inertius
1236 1137 1387 1214 habetur,

284 1258 378 1318 quarn
396 1236 549 1324 ephippiis
566 1234 624 1302 uti.
669 1233 780 1318 Itaque
799 1234 842 1298 ad
867 1233 1009 1317 quemvis
1029 1257 1194 1301 numerum
1218 1236 1388 1324 ephippia·

284 1343 387 1401 torum
403 1337 554 1422 equitum,
572 1333 714 1421 quamuis
734 1331 835 1420 pauci,
858 1332 944 1398 adire
966 1332 1096 1401 audente
1140 1336 1259 1402 Vinum
1282 1338 1325 1402 ad
1350 1362 1387 1405 se

283 1437 409 1502 omniuo
426 1438 589 1522 importari
604 1459 665 1500 nou
681 1434 798 1511 sinunt,
813 1433 897 1518 quod
912 1456 949 1498 ea
962 1457 996 1498 re
1010 1435 1053 1499 ed
1066 1435 1204 1501 laborem
1218 1435 1387 1506 ferendum

283 1537 495 1603 remollescere
511 1537 653 1601 homiues
668 1543 763 1620 atque
780 1533 950 1598 effeminari
964 1534 1167 1603 arbitrantur.

327 1637 394 1706 III.
418 1638 549 1702 Publice
576 1635 747 1700 maximam
771 1641 885 1720 putant
920 1655 985 1699 esse
1008 1633 1144 1712 laudem,
1176 1658 1270 1720 quam
1293 1636 1387 1704 latis-

284 1737 395 1803 simee
418 1737 482 1803 suis
500 1735 614 1801 finibus
630 1757 741 1802 vacare
764 1757 873 1820 agros:
901 1734 961 1798 hac
983 1757 1017 1798 re
1038 1733 1212 1820 significari,
1229 1759 1384 1823 magnum

283 1859 448 1902 numerum
474 1837 638 1901 civitatum
662 1857 750 1899 suam
774 1835 838 1922 vim
858 1833 1010 1900 sustinere
1033 1856 1096 1899 non
1119 1858 1221 1921 posse.
1266 1836 1384 1923 Itaque

281 1959 345 2001 una
370 1959 410 2001 ex
427 1944 517 2022 parte
533 1959 554 2001 a
569 1935 680 2000 Suevie
695 1934 817 1999 circiter
833 1933 931 1999 millia
947 1956 1094 2020 passuum
1117 1960 1165 2000 nc.
1182 1937 1250 2023 agri
1264 1960 1382 2006 vacere

282 2037 439 2102 dicuntur.
483 2036 539 2101 Ad
564 2035 695 2100 alteram
721 2044 843 2121 partem
864 2034 1036 2100 succedunt
1053 2035 1132 2101 Ubii
1150 2038 1296 2121 (quorum
1316 2040 1384 2106 fnit

282 2137 393 2202 civitas
416 2137 520 2223 ampla
542 2144 637 2221 atque
662 2133 785 2211 florens,
814 2143 850 2200 ut
872 2143 921 2200 est
942 2143 1052 2220 captus
1071 2135 1325 2222 Germanorum),
1344 2148 1383 2206 et

279 2238 393 2323 paullo,
422 2261 516 2323 quam
542 2245 615 2304 suut
645 2233 784 2323 ejusdem
809 2235 940 2322 generis,
971 2243 1003 2300 et
1027 2238 1138 2303 ceteris
1168 2237 1381 2318 humaniores,
1463 2255 1472 2280 ·

279 2347 444 2425 propterea
467 2339 549 2424 quod
577 2337 723 2402 Rhenum
747 2337 916 2421 adtingunt
940 2335 1135 2421 multumque
1158 2338 1200 2403 ad
1223 2361 1275 2404 eos
1296 2361 1379 2405 mer·

280 2447 401 2506 catores
417 2441 575 2506 ventitant
592 2447 625 2505 et
644 2438 702 2524 ipsi
724 2445 851 2523 propter
870 2435 1136 2522 propinquitatem
1154 2437 1283 2504 Gallicis
1301 2451 1380 2506 suut

278 2540 416 2607 moribus
446 2539 630 2608 adsuefacti.
684 2538 755 2602 Hos
784 2559 879 2620 quum
908 2536 1013 2613 Suevi,
1036 2537 1145 2604 multis
1173 2561 1257 2625 saepe
1284 2539 1378 2608 bellis

276 2641 398 2727 experti
423 2649 550 2728 propter
568 2636 806 2724 amplitudinem
829 2636 1076 2721 gravitatemque
1097 2639 1244 2716 civitatis,
1260 2637 1379 2708 linibus

276 2742 431 2826 expellere
457 2763 518 2804 non
546 2738 730 2826 potuissent,
757 2744 863 2801 tamen
886 2736 1055 2823 vectigales
1079 2739 1140 2805 sibi
1167 2739 1307 2806 fecerunt
1334 2763 1376 2806 ae

275 2841 376 2905 multo
390 2839 569 2904 humiliores
585 2836 827 2920 infirmioresque
842 2837 1039 2923 redegerunt.

280 2979 283 2984 -
321 2940 383 3008 IV.
421 2939 457 3004 In
487 2937 596 3004 eadem
628 2960 737 3004 caussa
766 2937 893 3002 fuerunt
923 2937 1073 3023 Usipetes
1103 2945 1136 3004 et
1169 2939 1373 3021 Tenchtheri,

276 3061 354 3125 quos
370 3062 464 3126 supra
479 3039 625 3118 diximus,
644 3038 697 3123 qui
716 3028 889 3124 complures
907 3059 1005 3104 anuos
1028 3037 1201 3104 Suevornm
1218 3041 1282 3106 vim
1305 3063 1374 3107 sus-

273 3141 455 3216 tinuerunt;
479 3140 521 3206 ad
540 3147 715 3204 extremum
737 3147 844 3204 tamen
865 3137 948 3224 agris
971 3139 1092 3225 expulsi
1114 3148 1146 3205 et
1168 3139 1277 3206 multis
1291 3140 1374 3206 Ger..

274 3241 385 3306 maniae
400 3241 477 3306 loeis
497 3239 665 3305 triennium
680 3239 787 3325 vegeti
808 3238 849 3304 ad
873 3239 1019 3304 Rhenum
1040 3248 1268 3325 pervenerunt:
1293 3265 1373 3325 quas

275 3341 414 3427 regiones
437 3339 577 3426 Menapii
603 3338 779 3406 incolebant
805 3347 837 3404 et
856 3338 898 3403 ed
920 3345 1085 3425 utrumque
1112 3341 1213 3425 ripam
1235 3338 1372 3408 fluminis

272 3463 373 3526 agros,
385 3439 517 3507 aedifieia
527 3441 670 3525 vicosque
681 3440 860 3514 habebant3
880 3438 934 3504 sed
947 3447 1044 3504 tantae
1057 3440 1268 3508 multitudinis
1280 3441 1370 3508 aditu

272 3542 438 3628 perterriti,
455 3565 495 3607 ex
508 3542 558 3607 his
572 3538 719 3617 aedificiis,
736 3563 803 3625 quae
825 3548 911 3606 trans
933 3537 1048 3604 flumen
1069 3540 1253 3620 habuerant,
1270 3542 1370 3607 demi·

270 3649 439 3728 praeerunt
470 3649 512 3725 et,
550 3643 595 3708 cis
627 3641 774 3706 Rhenum
811 3639 969 3724 dispositis
1004 3641 1164 3725 presidiis,
1196 3641 1370 3709 Germanos

270 3744 403 3808 transire
429 3742 647 3829 prohibebant.
705 3741 766 3817 Illi,
793 3740 898 3804 omnia
926 3742 1059 3826 experti,
1087 3764 1182 3826 quum
1208 3764 1308 3827 neque
1335 3743 1368 3808 vi

270 3843 458 3909 contendere
494 3852 622 3930 propter
655 3841 792 3928 inopiam
823 3841 960 3920 nauum,
989 3862 1091 3927 neque
1123 3841 1204 3906 clam
1235 3842 1368 3908 transire

269 3951 398 4029 propter
426 3943 584 4009 custodies
616 3940 837 4027 Menapiorum
863 3949 999 4027 possent,
1028 3942 1143 4007 reverti
1169 3965 1203 4008 se
1232 3942 1265 4008 in
1296 3965 1369 4010 sues

268 4043 358 4110 sedes
388 4043 588 4129 regionesque
616 4041 862 4107 simulaverunt:
896 4050 928 4106 et
960 4040 1057 4107 tridui
1088 4041 1172 4109 viem
1201 4043 1367 4129 progressi,

269 4165 374 4211 rursus
398 4151 594 4210 reverterunt
620 4151 725 4226 alque,
753 4141 837 4205 omni
856 4141 915 4206 hoc
939 4141 1051 4208 itinere
1078 4165 1142 4207 una
1165 4151 1259 4208 noete
1281 4144 1365 4228 equi·

267 4253 339 4311 tatu
362 4245 513 4323 confecto,
532 4241 645 4310 inscios
667 4241 924 4328 inopinantesque
949 4243 1115 4329 Menapios
1133 4251 1364 4327 oppresserunt,

267 4348 329 4429 qui,
369 4347 408 4411 de
447 4345 674 4412 Germanorum
711 4342 847 4410 discessu
884 4366 939 4429 per
971 4344 1182 4428 exploratores
1219 4343 1366 4410 certiores
