3150 5136
579 463 854 519 urrunoounus.
1061 437 1064 444 ’
1223 450 1258 518 ix

217 625 256 689 In
278 625 409 690 Soanzia
438 648 508 690 vero
531 625 642 702 insula,
666 624 748 688 unde
765 623 854 688 nobis
871 645 972 688 sermo
989 631 1046 702 est,
1065 624 1137 689 licet
1154 624 1260 689 multae

172 734 205 790 et
229 725 357 790 diversa
380 733 526 790 maneant
554 726 703 801 nationes
732 732 850 809 septem
880 731 985 788 tamen
1011 747 1117 789 earum
1136 724 1263 788 nomina

172 826 314 890 meminit
349 826 545 892 Ptolemaeus.
608 824 644 888 ln
675 821 764 909 cnjus
792 832 880 908 parte
906 832 1013 889 arctoa
1039 847 1115 910 gens
1140 825 1261 909 Adogit

174 925 324 1003 consistit,
347 949 414 1011 quae
435 927 533 990 fertur
553 925 584 989 in
608 933 716 988 astate
742 923 845 989 media
870 923 1076 1010 quadraginta
1097 925 1205 989 diebus
1230 932 1262 989 et

174 1025 317 1092 noctibus
342 1027 426 1090 luces
445 1025 559 1090 habere
584 1024 766 1098 continuas3
794 1025 931 1108 itemque
956 1024 1088 1089 brumali
1112 1033 1261 1110 tempore,

176 1125 284 1190 eodem
300 1125 419 1190 dierum
434 1126 629 1209 noctiumque
645 1145 772 1188 numero
787 1125 887 1188 lucem
903 1123 1017 1188 claram
1033 1124 1158 1190 nescire.
1212 1124 1263 1190 lta

177 1225 329 1290 alternato
343 1248 471 1291 moerore
486 1248 556 1289 curn
572 1225 698 1311 gaudio,
714 1221 861 1288 beneficio
884 1223 952 1288 aliis
970 1224 1142 1309 damnoque
1162 1225 1263 1310 impar

178 1334 236 1390 est.
281 1324 324 1391 Et
349 1327 409 1391 hoc
434 1326 548 1410 queret
609 1324 691 1405 Quia
715 1323 933 1408 prolixioribus
960 1323 1069 1389 dicbus
1098 1324 1193 1389 solem
1222 1325 1263 1389 ad

177 1425 326 1490 orientem
348 1449 403 1512 per
428 1426 496 1490 axis
518 1425 689 1510 marginem
714 1423 821 1489 vident
847 1423 1047 1488 redeuutem:
1075 1424 1265 1490 brevioribus

177 1547 250 1590 vero
275 1548 336 1590 non
360 1527 405 1592 sic
427 1525 615 1610 conspicitur
628 1523 712 1609 apud
728 1524 805 1596 illos,
822 1523 876 1588 sed
891 1524 1001 1598 aliter;
1026 1524 1099 1608 quia
1114 1525 1266 1590 Austrina

177 1626 265 1710 signa
286 1627 446 1711 percurrit,
466 1635 498 1690 et
520 1625 571 1709 qui
593 1624 681 1689 nobis
695 1623 819 1689 videtur
838 1624 882 1690 sol
906 1624 947 1688 ab
968 1624 1029 1688 imo
1053 1647 1186 1709 surgere,
1206 1625 1266 1690 illis

178 1748 232 1810 per
256 1733 344 1790 terrae
368 1725 539 1809 marginem
562 1725 676 1789 dicitur
701 1724 838 1788 circuire.
889 1724 971 1788 Aliae
994 1747 1067 1788 vcro
1090 1725 1133 1788 ibi
1157 1733 1267 1810 gentes

180 1825 348 1902 crefennae,
364 1826 415 1910 qui
437 1825 661 1889 frumentorum
687 1845 748 1888 non
769 1823 934 1908 quaeritant
958 1824 1092 1889 victum:
1122 1825 1178 1889 sed
1200 1849 1265 1889 car·

180 1925 270 1989 nibus
304 1926 437 1990 ferarum
470 1933 562 2009 atque
587 1925 692 1988 avium
723 1923 841 1989 vivunt.
903 1924 967 1988 Ubi
991 1933 1080 1990 tanta
1102 1926 1267 2010 paludibus

180 2024 291 2088 foetura
315 2025 448 2109 ponitur,
466 2032 501 2088 ut
528 2034 559 2089 et
586 2030 788 2108 augmentum
816 2032 962 2108 praestent
983 2025 1098 2110 generi,
1121 2040 1153 2090 et
1176 2026 1267 2090 satie·

181 2132 279 2188 tatem
294 2147 331 2188 ac
345 2126 465 2209 copiam
477 2125 573 2209 genti.
618 2123 692 2187 Alia
708 2145 779 2188 vero
793 2146 868 2209 gens
882 2123 925 2188 ibi
942 2133 1080 2189 moretur
1102 2125 1267 2201 scerhans,

183 2246 250 2308 quae
267 2225 350 2289 velut
366 2224 527 2309 Thuringi,
544 2223 629 2308 equis
645 2232 777 2288 utuntur
798 2223 929 2289 eximiis.
975 2224 1019 2290 Hi
1042 2248 1162 2311 quoquc
1185 2235 1267 2302 sunt,

182 2325 233 2408 qui
257 2325 288 2389 in
313 2347 386 2389 usus
407 2325 616 2388 Romanorum
633 2322 813 2409 Saphirinas
827 2324 922 2409 pelles
936 2325 1118 2390 commercio
1134 2325 1270 2392 interve-

183 2425 286 2488 niente
300 2447 355 2511 per
369 2425 444 2490 alias
459 2425 634 2489 innumeras
647 2431 757 2509 gentes
773 2423 1001 2498 transmittunt,
1017 2424 1125 2489 famosi
1143 2426 1269 2510 pellium

182 2524 294 2589 decora
316 2524 483 2610 nigredine.
531 2523 576 2588 Hi
606 2546 701 2608 quum
728 2522 834 2609 inopes
858 2522 977 2601 vivunt,
1000 2523 1151 2589 ditissime
1177 2524 1270 2589 vesti-

183 2633 287 2690 untur.
332 2624 511 2709 Sequuntur
526 2624 636 2689 deinde
659 2623 848 2688 diversamm
869 2623 967 2688 turbae
982 2623 1153 2701 nationum,
1168 2623 1271 2688 Theu-

184 2724 280 2800 stbes,
310 2723 448 2811 Vagoth,
478 2723 600 2812 Bergio,
632 2723 751 2800 Hallin,
785 2722 941 2804 Liothida,
969 2747 1099 2809 quorum
1133 2725 1270 2789 omnium

182 2824 270 2890 sedes
297 2825 354 2890 sub
377 2825 472 2890 humo
500 2825 593 2910 plana
615 2847 651 2889 ac
674 2823 777 2896 fertili,
803 2831 834 2888 et
857 2833 1021 2910 propterea
1042 2824 1117 2889 inibi
1140 2823 1271 2888 aliarum

182 2925 322 3011 gentium
346 2925 570 2991 incursionibus
592 2923 786 2989 infestantur.
831 2923 909 2989 Post
933 2925 989 2989 hos
1015 2923 1167 3000 Athelnil,
1195 2923 1272 2988 Fin-

183 3025 312 3100 naithae,
328 3024 448 3102 Ferrir,
466 3023 649 3110 Gautigotb,
667 3045 736 3088 acra
758 3024 918 3088 hominum
939 3047 1047 3110 genus,
1070 3035 1102 3090 et
1128 3022 1169 3089 ad
1190 3025 1272 3090 bella

183 3126 454 3210 promptissimum.
490 3125 611 3188 Dehinc
628 3123 720 3188 mixti
737 3123 887 3208 Eragerae
906 3123 1059 3211 Otbingis.
1105 3124 1151 3190 Hi
1166 3147 1272 3190 omnes

185 3225 284 3288 exesis
298 3225 434 3310 rupibus,
453 3225 539 3310 quasi
554 3223 688 3289 castellis
710 3223 896 3301 inhabitant,
920 3223 983 3288 ritu
1005 3225 1139 3290 beluino.
1191 3225 1272 3290 Sunt

184 3347 224 3388 ex
241 3322 289 3388 his
304 3326 470 3390 exteriores
486 3324 692 3410 Ostrogothae,
713 3323 917 3399 Raumaricae,
944 3323 1152 3410 Reugnaricii,
1178 3325 1272 3391 Finni

187 3423 353 3502 mitissimi,
377 3423 513 3489 Scanziae
543 3425 714 3490 cultoribus
738 3424 881 3489 omnibus
906 3425 1064 3491 mitiores:
1099 3449 1217 3491 necnon
1240 3436 1272 3492 et

186 3545 277 3608 pares
290 3546 395 3588 eorum
414 3522 608 3600 Vinoviloth‚
633 3524 787 3598 Sucthidi,
813 3525 929 3610 Oogeni
951 3525 982 3590 in
1004 3524 1063 3590 hac
1084 3536 1177 3612 gente
1203 3529 1273 3593 reli·

187 3623 256 3708 quis
280 3646 406 3709 corpore
428 3623 653 3702 eminentiores,
669 3625 809 3709 quamvis
823 3633 855 3689 et
873 3624 956 3689 Dani
971 3649 1010 3690 ex
1026 3627 1161 3712 ipsorum
1177 3628 1273 3713 stirpe

187 3724 347 3809 progressi,
366 3724 480 3789 Erulos
494 3723 623 3809 propriis
638 3723 761 3789 sedibus
776 3725 977 3809 expulerunt:
1003 3728 1055 3811 qui
1072 3727 1154 3790 inter
1168 3750 1274 3794 omnes

187 3823 324 3888 Scanziae
339 3826 480 3889 nationes
494 3845 605 3888 nornen
620 3822 678 3888 sibi
695 3825 735 3889 ob
751 3825 877 3889 nimiam
894 3825 1111 3910 proceritatem
1126 3825 1274 3892 affectant

188 3923 384 4009 praecipuum.
442 3923 523 3990 Sunt
554 3945 729 4008 quanquam
760 3931 792 3988 et
815 3925 936 3990 illorum
964 3925 1103 4011 positura
1130 3925 1273 4005 Grannii,

188 4025 347 4110 Aganziae,
377 4024 502 4102 Unixae,
536 4022 709 4110 Ethelrugi,
735 4024 953 4102 Arocbiranni‚
977 4025 1088 4109 quibus
1114 4049 1176 4091 non
1201 4035 1275 4092 ante

188 4146 302 4200 omnes,
321 4124 375 4190 sed
390 4132 463 4189 ante
476 4125 592 4189 multos
606 4146 703 4189 annos
718 4124 839 4188 Rodulf
849 4147 904 4190 rex
919 4124 998 4190 fuit:
1027 4125 1079 4210 qui
1097 4134 1275 4212 contempto

188 4225 311 4309 proprio
326 4245 430 4310 regno,
446 4224 486 4289 ad
502 4224 685 4289 Theoderici
701 4225 875 4290 Gothorum
891 4224 971 4310 regis
992 4226 1143 4310 gremium
1165 4249 1275 4292 convo·

189 4325 276 4400 lavit,
293 4332 325 4388 et
337 4332 374 4389 nt
389 4323 595 4400 desiderabat,
612 4325 738 4391 invenit.
784 4324 848 4388 Hae
865 4326 969 4409 itaque
993 4335 1102 4411 gentes
1127 4327 1277 4394 Romanis

190 4448 315 4511 corpore
333 4432 364 4488 et
381 4427 484 4489 auimo
499 4424 686 4510 grandiores,
703 4425 821 4490 infestae
837 4424 955 4490 saevitia
970 4449 1090 4511 pugnae.
