3144 5080
271 340 307 412 lx
542 357 620 412 rua
642 355 822 412 canneru
849 354 898 411 on
922 353 1085 411 'factrus

268 529 342 584 ante
367 519 562 585 Hamdom*
595 516 692 582 millia
720 515 880 581 hominurn
911 537 1000 579 xxrv.
1024 514 1065 578 ad
1096 536 1167 579 eum
1194 515 1361 592 venisseut,

268 620 381 704 quibus
409 620 494 685 locus
524 642 561 683 ac
597 618 686 684 sedes
718 624 912 702 pararentur.
973 613 1130 680 Futurum
1159 637 1225 681 csse
1254 615 1365 700 paucis

267 720 366 798 anuis,
381 719 430 784 uti
453 743 561 784 omnes
586 741 626 784 ex
654 717 764 782 Galliae
793 713 906 780 finibus
929 717 1117 802 pellerentur
1137 724 1231 799 atque
1254 739 1365 780 omnes

270 820 420 885 Germani
446 819 592 885 Rhenum
608 817 796 884 transirent:
820 839 919 900 neque
945 817 1027 880 euim
1051 814 1271 881 conferendum
1295 839 1364 881 esse

269 920 424 986 Gallicum
440 943 511 985 cum
527 921 754 986 Germanorum
779 940 864 1003 agro,
887 939 986 1000 neque
1008 917 1089 982 hanc
1106 915 1362 983 cousuetudinem

269 1020 371 1086 victus
394 1043 464 1086 cum
487 1021 540 1086 illa
562 1018 813 1105 comparandam.
859 1017 1053 1084 Ariovistum
1075 1025 1191 1095 autem,
1208 1025 1243 1081 ut
1267 1019 1363 1082 semel

269 1121 430 1186 Gallorum
458 1122 562 1208 copias
586 1121 692 1207 proelio
709 1118 830 1196 vicerit,
855 1117 938 1203 quod
961 1117 1102 1204 proelium
1119 1119 1238 1182 factum
1261 1118 1302 1183 sit
1319 1119 1363 1182 ad

271 1221 511 1306 Magetohriam,
538 1222 669 1307 superbe
696 1230 728 1286 et
752 1218 919 1284 crudeliter
941 1219 1103 1304 imperare,
1130 1217 1253 1284 obsides
1273 1219 1363 1284 uobi-

267 1323 374 1388 lissimi
406 1321 553 1409 cujusque
583 1322 694 1387 liberos
725 1343 851 1405 poscere
878 1327 909 1384 et
938 1320 970 1384 in
1002 1341 1054 1386 eoa
1085 1318 1190 1384 omnia
1218 1318 1364 1404 exempla

267 1424 480 1507 cruciatusque
506 1423 650 1501 edere,si
672 1443 733 1507 qna
758 1443 807 1486 res
830 1442 893 1484 uon
918 1419 959 1485 ad
984 1427 1096 1485 nutum
1118 1428 1174 1484 aut
1195 1419 1237 1483 ad
1254 1419 1363 1484 volun-

269 1531 367 1588 tatem
391 1521 458 1609 ejus
480 1524 565 1589 facta
587 1524 647 1590 sit:
683 1521 841 1587 hominem
867 1543 934 1586 osse
959 1520 1136 1597 barbarum,
1164 1519 1360 1598 iracundum,

267 1625 466 1690 temerarium
481 1645 489 1692 ι
512 1645 573 1689 nou
585 1647 673 1710 posse
688 1620 754 1709 ejus
777 1621 906 1707 imperia
921 1621 1038 1688 diutine
1052 1620 1206 1688 sustineri.
1253 1619 1321 1686 Nisi
1335 1619 1361 1686 si

266 1724 342 1810 quid
357 1724 390 1788 ia
412 1724 533 1790 (laesere
552 1725 725 1810 populoque
748 1722 891 1787 Romano
912 1723 953 1787 sit
968 1722 1086 1800 auxilii,
1102 1720 1244 1786 omnibus
1261 1720 1363 1786 Gallis

267 1824 351 1889 idem
391 1845 457 1889 esse
492 1823 682 1901 faciundum,
714 1823 796 1906 quod
836 1822 976 1887 Helvetii
1018 1822 1156 1900 fecerint,
1194 1829 1230 1886 ut
1265 1821 1361 1886 domo

266 1925 428 2010 emigrent,
452 1924 537 1989 aliud
560 1922 761 2002 domicilium,
785 1923 862 1988 alias
878 1923 976 2002 sedes,
1002 1931 1137 1989 remotae
1162 1921 1365 1987 aGermanis

268 2033 378 2110 petant
404 2023 630 2109 fortunamque,
646 2046 849 2110 quaecumque
874 2022 1006 2103 accidat,
1025 2025 1235 2110 experiantur.
1280 2023 1362 2088 Haee

269 2126 295 2191 ei
323 2125 488 2190 enunciata
512 2125 672 2192 Ariovisto
701 2125 773 2202 sint,
801 2147 861 2188 non
886 2124 1040 2203 dubitare,
1056 2125 1129 2210 quin
1156 2123 1196 2188 de
1217 2124 1362 2190 omnibus

270 2225 438 2301 obsidibus,
456 2224 508 2309 qui
530 2227 614 2313 apud
629 2249 700 2292 eum
718 2227 790 2304 siut,
807 2225 1025 2311 gravissimum
1043 2223 1226 2311 supplicium
1243 2234 1361 2290 sumat.

270 2325 424 2393 Gaesarem
453 2327 503 2393 vel
531 2329 719 2393 auctoritate
755 2348 812 2392 sua
842 2334 936 2410 atque
968 2326 1132 2404 exercitus,
1164 2325 1211 2390 vel
1243 2326 1360 2390 recenti

269 2427 410 2504 victoria,
427 2428 476 2494 vel
492 2427 615 2494 nomine
642 2427 748 2514 populi
771 2426 905 2492 Romani
921 2425 1076 2491 deterrere
1093 2448 1192 2512 posse,
1207 2449 1247 2490 ue
1261 2424 1362 2511 major

267 2529 437 2594 multitudo
465 2528 693 2594 Germanorum
721 2527 867 2592 Rhenum
891 2526 1132 2602 transducatur3
1164 2525 1362 2612 Galliamque

269 2651 393 2694 omnem
410 2631 451 2694 ab
469 2628 621 2696 Ariovisti
635 2625 749 2714 injuria
764 2649 853 2712 posse
868 2625 1064 2692 defendere.''

313 2729 478 2794 XXXII.
510 2729 583 2794 Hac
612 2728 752 2792 oratione
774 2727 815 2791 ab
837 2727 994 2792 Divitiaco
1019 2725 1136 2806 habito,
1162 2750 1280 2807 omnes,
1306 2728 1360 2813 qui

268 2831 411 2904 aderant,
436 2849 550 2913 magno
583 2825 659 2893 fletu
686 2827 837 2892 auxilium
861 2850 880 2893 a
913 2826 1034 2893 Gaesare
1059 2837 1165 2913 petere
1189 2837 1358 2915 coeperuut.

270 2927 505 2994 Animadvertit
530 2927 643 3007 Oaesar,
659 2951 736 2993 unos
758 2951 798 2993 ex
818 2928 961 2994 omnibus
979 2928 1138 3012 Sequanos
1153 2928 1230 2994 nihil
1252 2953 1362 2995 earum

268 3052 371 3094 rerum
394 3028 505 3104 lacere,
521 3051 597 3112 quas
614 3028 708 3093 ceteri
733 3028 880 3107 facerent,
896 3028 950 3094 sed
967 3029 1081 3109 tristes,
1097 3030 1200 3115 capite
1216 3029 1361 3109 demisso,

269 3139 384 3196 terram
402 3128 525 3194 intueri.
578 3126 656 3216 Ejus
682 3128 727 3193 rei
753 3151 862 3194 caussa
888 3151 956 3214 quae
984 3137 1064 3194 esset
1086 3129 1217 3196 miratus
1230 3152 1271 3194 ex
1285 3130 1362 3216 ipsis

269 3229 402 3314 quaesiit.
448 3227 535 3292 Nihil
562 3228 697 3313 Sequani
727 3229 921 3314 respondere,
945 3228 1000 3295 sed
1028 3231 1061 3294 iu
1093 3230 1201 3296 eadem
1230 3231 1362 3296 tristitia

269 3330 359 3395 taciti
374 3351 563 3416 permanere.
617 3330 719 3412 Quum
735 3329 775 3394 ab
797 3329 961 3416 iissaepius
975 3339 1137 3414 quaereret,
1151 3352 1249 3418 neque
1262 3331 1360 3397 ullam

271 3429 396 3495 omnino
427 3452 533 3494 rocem
558 3431 730 3515 exprimere
762 3438 876 3515 posset,
911 3429 995 3496 idem
1024 3431 1199 3496 Divitiacus
1230 3431 1360 3498 AEduue

270 3530 449 3616 respondit:
490 3529 592 3595 “Hoc
622 3553 687 3595 esse
718 3529 906 3596 miseriorem
935 3531 1168 3616 gravioremque
1203 3531 1361 3597 fortunam

269 3633 482 3715 Sequanorum
497 3654 560 3718 prae
575 3630 771 3714 reliquorum,
788 3631 871 3715 quod
893 3631 950 3696 soli
975 3653 1014 3696 ne
1040 3632 1071 3696 in
1094 3631 1216 3696 occulto
1234 3631 1360 3717 quidem

268 3732 364 3816 queri,
390 3754 489 3815 neque
512 3731 663 3796 auxilium
685 3731 849 3816 implorare
872 3731 1034 3810 auderent,
1056 3732 1252 3816 absentisque
1268 3732 1362 3797 Ario·

269 3831 342 3898 visti
372 3831 600 3906 crudelitatem,
616 3831 702 3896 velut
730 3832 756 3896 si
783 3853 887 3896 coram
910 3832 1043 3910 adesset,
1059 3831 1239 3897 horrerent:
1269 3855 1362 3918 prop-

270 3941 356 3997 terea
372 3931 455 4016 quod
482 3932 607 4016 reliquis
634 3940 739 3996 tamen
762 3932 843 4017 lirgae
865 3931 997 3998 facultas
1020 3932 1170 4008 daretur;
1211 3932 1362 4018 Sequanis

270 4055 353 4110 vero,
378 4033 430 4117 qui
455 4032 539 4096 intra
565 4031 642 4096 lines
666 4055 737 4098 suos
763 4031 958 4097 Ariovistum
991 4032 1189 4118 recepissent,
1229 4055 1361 4117 quorum

269 4132 385 4219 oppida
406 4133 510 4196 omnia
527 4132 558 4196 in
573 4140 729 4218 potestate
747 4129 813 4216 ejus
838 4141 950 4212 esseut,
966 4155 1072 4198 omnes
1088 4133 1243 4199 cruciatus
1258 4141 1362 4200 essent

271 4232 476 4320 perferendi.'’

268 4359 286 4395 t
307 4359 394 4413 When
406 4377 422 4412 a
433 4376 508 4412 name
520 4360 542 4413 is
555 4357 654 4430 printed
667 4357 693 4412 in
707 4357 802 4425 Italics,
820 4358 839 4412 it
853 4357 904 4412 will
916 4357 948 4412 hc
961 4357 1062 4413 notieod
1075 4359 1102 4412 in
1115 4359 1158 4413 tho
1173 4359 1358 4432 Epilegomeuo.
