3088 5080
305 422 410 494 xcviii
575 433 651 490 nnn
674 431 856 488 senuaar
883 431 930 486 os
955 429 1122 486 suerrus.

304 596 384 662 tium
406 595 530 682 agmine
552 593 702 679 impulsae,
725 600 879 659 auxerant
902 593 1203 658 consternationem:
1230 589 1410 656 trudeban-

306 705 419 779 turque
443 695 477 760 in
502 693 648 780 paludem
672 715 802 780 gnaram
826 691 1031 772 vincentibus,
1058 693 1197 778 iniquam
1223 690 1344 769 nesciis,
1373 691 1411 754 ni

309 794 416 861 Oaesar
441 794 610 882 productas
633 792 769 878 legiones
789 792 1007 859 instruxisset:
1032 793 1105 859 iude
1130 793 1272 858 hostibus
1288 799 1408 864 terror,

308 894 423 960 fiducia
438 895 551 960 militi:
576 903 608 960 et
622 893 765 959 manibus
779 895 875 979 eequis
888 894 1076 961 abscessum.
1123 894 1203 958 Mox
1217 892 1349 958 reducto
1362 892 1410 958 ad
1533 969 1534 984 χ

309 995 467 1061 Amisiam
492 994 642 1071 exercitu,
669 994 806 1079 legiones
833 994 939 1072 classe,
969 1001 1006 1059 nt
1033 995 1216 1070 advexerat,
1251 1001 1408 1078 reportat.
1533 991 1534 994 ’

311 1096 392 1162 Pars
418 1096 559 1181 equitnm
586 1095 676 1158 litore
700 1094 817 1160 Oceani
839 1101 945 1181 petere
960 1093 1105 1160 Rhenum
1116 1092 1215 1181 jussa.
1267 1093 1408 1171 Oaecina,

310 1196 363 1281 qui
378 1219 468 1262 suurn
483 1194 616 1260 militem
629 1194 773 1274 ducebat,
786 1194 933 1273 monitus,
947 1217 1135 1280 quamquam
1148 1195 1231 1260 notis
1242 1193 1411 1259 itineribus

311 1296 536 1382 regrederetur,
552 1302 663 1382 pontes
685 1296 793 1382 longos
816 1318 910 1380 quam
931 1295 1114 1360 maturrime
1136 1317 1291 1381 superare.
1337 1292 1409 1357 An-

312 1404 422 1482 gustus
448 1397 475 1463 is
503 1404 629 1472 trames,
655 1404 760 1461 vastas
787 1395 869 1461 inter
896 1395 1035 1481 paludes,
1066 1404 1098 1460 et
1128 1395 1285 1480 quondam
1312 1416 1334 1458 a
1365 1393 1410 1458 L.

314 1496 454 1561 Domitio
477 1504 662 1583 aggeratos:
687 1503 791 1561 cetera
817 1496 937 1574 limosa,
966 1496 1089 1561 tenacia
1110 1496 1199 1582 gravi
1226 1517 1321 1573 eoeno,
1351 1503 1413 1559 ant

314 1597 390 1663 rivis
414 1595 535 1662 incerta
560 1605 667 1662 eraut:
700 1596 816 1661 circum
842 1595 927 1661 silvae
955 1596 1117 1682 paullatim
1144 1595 1298 1670 adclines:
1331 1617 1414 1680 quas

312 1706 381 1763 tum
397 1696 561 1763 Arminius
583 1695 735 1782 implevit,
760 1696 950 1782 compenst
969 1697 1099 1774 viarum,
1124 1704 1157 1762 et
1181 1697 1245 1761 eito
1270 1696 1412 1781 agmine,

313 1803 460 1862 onustum
484 1796 612 1863 sarcinis
635 1797 789 1881 armisque
814 1797 945 1862 militem
971 1819 1042 1862 cum
1067 1798 1287 1862 antevenisset.
1341 1795 1412 1860 Οε-

314 1897 401 1974 oiuae,
418 1896 576 1962 dubitanti
604 1919 739 1982 quonam
762 1897 855 1961 modo
879 1905 987 1982 ruptos
1002 1904 1159 1962 vetustate
1182 1906 1294 1983 pontes
1316 1919 1412 1982 repo-

314 2004 413 2073 neret,
442 1997 593 2081 simulque
627 1997 821 2082 propulsaret
858 1997 990 2074 hostem,
1020 1997 1236 2064 castrametari
1272 1998 1304 2062 in
1342 1998 1414 2062 loeo

315 2097 454 2183 placuit;
478 2104 516 2161 ut
531 2119 617 2183 opus,
634 2096 733 2162 etalii
750 2097 891 2183 proeliurn
905 2097 1085 2183 inciperent.

362 2196 492 2264 LXIV.
516 2196 647 2262 Barbari
667 2196 856 2284 perfringere
881 2198 1039 2276 stationes,
1056 2220 1148 2283 seque
1173 2197 1285 2263 inferre
1308 2197 1416 2262 muni·

315 2297 436 2362 toribus
458 2296 525 2376 nisi,
543 2297 709 2375 lacessunt,
726 2297 1036 2384 circumgrediuntur,
1054 2305 1239 2364 occursant:
1261 2298 1417 2362 miscetur

316 2397 512 2483 operantium
526 2397 769 2484 bellantiumque
784 2398 919 2464 elamor:
947 2406 979 2463 et
997 2408 1110 2465 cuncta
1124 2398 1241 2486 pariter
1260 2398 1418 2464 Romanis

315 2499 468 2574 adversa;
492 2498 578 2564 locus
598 2497 715 2584 uligine
736 2498 899 2584 protirnda,
922 2497 1006 2563 idem
1028 2499 1070 2564 cd
1090 2499 1223 2585 gradum
1245 2497 1416 2576 instabilis,

317 2599 558 2685 procedentibus
580 2599 739 2674 lubricus:
768 2621 899 2685 corpora
918 2599 1027 2685 gravia
1052 2599 1163 2678 loricis,
1182 2622 1281 2685 neque
1298 2599 1417 2664 librare

318 2699 382 2785 pila
408 2700 490 2764 inter
515 2697 617 2764 undas
648 2705 804 2784 poteraut.
864 2698 982 2766 Contra
1015 2700 1178 2768 Cheruscis
1208 2707 1297 2766 sueta
1325 2699 1416 2784 apud

318 2798 449 2883 paludes
473 2799 589 2884 prelia,
614 2821 742 2885 procera
765 2800 914 2879 membra,
936 2801 1036 2866 hastae
1061 2802 1203 2886 ingentes
1225 2800 1267 2865 ed
1281 2799 1417 2865 vulnera

318 2898 470 2976 facienda,
484 2899 625 2983 quamvis
636 2899 761 2984 procul:
780 2921 844 2963 nox
857 2900 983 2965 demum
995 2901 1178 2967 inclinantes
1191 2907 1260 2966 tum
1274 2899 1419 2985 legiones

319 2998 458 3062 adversae
480 3020 592 3084 pngnae
614 2999 742 3065 exemit.
793 2999 941 3066 Germani
964 3001 1004 3066 ob
1026 3023 1173 3088 prospera
1193 2999 1349 3078 indefessi,
1373 3023 1419 3064 ne

321 3107 390 3162 tum
411 3098 536 3182 quidem
556 3108 681 3186 sumpta
703 3099 818 3184 quiete,
834 3108 986 3186 quantum
1001 3124 1151 3186 aquarum
1168 3101 1418 3186 circumsurgen-

321 3198 407 3264 tibus
426 3196 513 3284 jugis
541 3201 651 3276 oritur,
678 3207 798 3265 vertere
824 3201 855 3266 in
880 3199 1039 3288 subjecta:
1067 3225 1228 3287 mersaque
1251 3203 1357 3278 humo,
1381 3211 1419 3266 et

320 3299 433 3362 obruto
448 3299 532 3384 quod
546 3299 690 3365 effectum
705 3300 817 3385 operis,
833 3301 1009 3386 duplicatus
1021 3302 1113 3368 militi
1128 3302 1227 3367 labor.
1272 3301 1420 3383 Quadra·

321 3399 474 3485 gesimum
507 3399 540 3465 id
572 3400 763 3486 stipendium
798 3400 921 3466 Caecina
953 3402 1082 3488 parendi
1120 3410 1176 3468 aut
1212 3401 1420 3488 imperitandi

321 3499 480 3565 habebat:
513 3500 718 3566 secundarum
747 3500 1024 3588 ambiguarumque
1051 3525 1155 3568 rernm
1181 3503 1289 3580 sciens,
1316 3525 1421 3586 εοᾳιιο

321 3599 492 3666 interritus.
552 3600 655 3687 Igitur
677 3601 785 3666 tirtnra
807 3601 943 3680 volvens,
968 3626 1031 3668 non
1054 3603 1140 3668 alind
1165 3603 1290 3689 reperit,
1318 3625 1421 3687 quam

320 3708 357 3765 ut
380 3700 502 3766 hostem
519 3700 605 3767 silvis
620 3708 784 3780 coerceret,
802 3702 901 3767 donec
915 3703 1021 3780 saucii,
1038 3712 1250 3789 quantumque
1264 3703 1423 3790 gravioris

321 3800 462 3886 agminis,
479 3803 653 3866 anteirent:
677 3823 751 3866 uam
768 3802 872 3867 medio
887 3802 1042 3868 montium
1057 3811 1089 3868 et
1104 3804 1254 3889 paludum
1277 3803 1420 3890 porrige·

322 3900 415 3966 hatur
440 3901 596 3986 planicies,
624 3925 694 3986 quae
721 3910 847 3968 tenuem
875 3904 975 3969 eciem
999 3911 1170 3990 pateretur.
1224 3905 1421 3990 Deliguntur

322 4001 468 4085 legiones,
496 4001 605 4085 quinta
626 4002 738 4068 dextro
753 4002 842 4068 lateri
855 4029 864 4078 ;
889 4005 1133 4070 unaetvioesima
1147 4004 1178 4068 in
1194 4004 1326 4078 laevnm:
1351 4005 1419 4090 pri-

321 4100 407 4165 mani
423 4101 599 4166 ducendum
613 4103 655 4168 ad
669 4125 801 4188 agmen:
827 4104 1033 4171 vicesimanus
1047 4105 1213 4171 adversum
1228 4111 1403 4170 secuturos.

367 4200 479 4266 LXV.
503 4199 575 4268 Nox
588 4225 643 4288 per
663 4203 784 4270 diverse
806 4205 944 4290 inquies:
964 4229 1036 4270 oum
1048 4206 1172 4270 barbari
1193 4205 1281 4271 festis
1305 4204 1421 4290 epulis,

321 4301 393 4367 laeto
413 4309 518 4380 cantu,
533 4311 589 4368 aut
612 4303 694 4368 truci
719 4325 828 4369 sonore
854 4302 995 4391 subjecta
1017 4305 1145 4372 vallium
1168 4328 1206 4371 an
1228 4305 1423 4372 resultantes

319 4403 419 4470 saltus
433 4403 642 4488 complerent:
667 4405 753 4490 apud
775 4405 932 4470 Romanos
953 4406 1082 4470 invalidi
1106 4406 1202 4492 ignes,
1230 4408 1422 4492 interruptae
