3158 5122
308 423 383 472 xxx
586 417 663 472 'lllli
685 417 867 473 aarum
893 417 941 472 OF
965 417 1131 473 rlorrus.

311 578 543 665 Wnrgondaib‚
559 600 728 664 perannos
742 577 860 662 aliquot
877 578 1067 663 possedisse:
1096 600 1164 663 qnoe
1182 599 1239 642 nos
1260 577 1408 643 arbitrari

306 702 469 765 possumus
485 703 551 744 esse
567 677 718 744 vocabula
735 701 895 763 pagorum,
914 703 968 744 seu
984 701 1237 763 quorumcunque
1254 677 1405 743 locorum.

351 779 453 844 XIV.
479 779 616 844 Mortuis
637 779 757 842 interea
780 778 854 842 lber
879 787 911 843 et
935 780 1050 866 Ayone
1073 778 1216 854 ducibus,
1240 779 1292 862 qui
1320 779 1408 844 Lon-

304 879 459 966 gobordos
482 902 501 944 a
525 878 733 944 Seandinavia
755 878 938 956 eduxerant,
957 887 988 943 st
1011 901 1108 963 usque
1122 879 1164 944 ad
1178 879 1245 942 baec
1261 889 1408 964 tempora

305 989 462 1058 rexerant,
495 980 635 1044 nolentes
651 975 721 1064 jam
748 978 832 1044 ultra
862 978 1061 1064 Longobardi
1094 1001 1159 1044 esse
1181 978 1239 1044 snb
1262 978 1406 1056 ducibus,

306 1103 411 1166 regem
428 1081 487 1146 sibi
501 1080 543 1146 ad
558 1087 739 1144 caeterarum
763 1080 862 1144 instar
883 1081 1024 1165 gentium
1042 1087 1232 1145 statuerunt.
1259 1079 1407 1164 -negna-

308 1181 352 1245 vit
381 1181 478 1266 igitur
505 1203 599 1267 super
625 1201 678 1245 eos
699 1181 818 1264 primus
835 1180 1065 1265 Agelmundus,
1099 1178 1179 1245 filios
1202 1179 1335 1264 Ayonis,
1362 1202 1405 1244 ex

305 1282 448 1367 prosapia
469 1282 585 1347 ducens
607 1279 756 1366 originem
780 1277 1007 1366 Guningorum,
1031 1303 1098 1364 quse
1120 1280 1205 1365 apud
1229 1303 1283 1345 eos
1306 1303 1404 1364 gene-

304 1382 401 1446 rosior
422 1381 606 1447 habebatur.
652 1379 725 1458 Hic,
749 1379 830 1445 sicut
852 1403 872 1444 a
893 1378 1062 1466 majoribus
1084 1380 1229 1457 traditur,
1246 1381 1347 1446 tribus
1366 1387 1403 1446 et

304 1482 435 1567 triginta
448 1483 537 1547 annis
554 1479 831 1566 Longobardorum
847 1481 949 1548 tenuit
966 1503 1105 1566 regnum.

349 1581 430 1646 XV,
456 1581 518 1646 His
539 1581 732 1665 temporibus
754 1581 897 1664 quandum
920 1581 1068 1646 meretrix
1090 1603 1152 1645 uno
1168 1589 1260 1667 partu
1278 1589 1400 1666 septem

305 1683 450 1766 puerulos
472 1680 576 1756 enixa,
598 1680 697 1745 beluis
718 1681 862 1746 omnibus
885 1689 986 1746 mater
1010 1679 1173 1758 crudelior,
1195 1681 1225 1745 in
1250 1681 1403 1766 piscinam

303 1779 433 1868 projecit
458 1781 624 1846 necandos.
684 1780 756 1844 Hoc
779 1781 805 1846 si
832 1780 883 1845 cui
909 1781 1097 1868 impossibile
1123 1781 1256 1856 videtur,
1282 1782 1402 1866 relegat

302 1881 448 1946 historias
468 1890 619 1959 veterum,
645 1887 677 1945 at
703 1881 839 1946 inveniet
863 1903 926 1947 non
951 1881 1051 1962 solum
1073 1888 1193 1966 septem
1218 1881 1401 1960 infantulos,
1468 1927 1474 1944 .

302 1981 358 2046 sed
383 1981 478 2046 otiam
502 2003 615 2046 novem
639 2003 735 2045 unam
759 1981 921 2046 mulierem
946 1982 1038 2047 simul
1063 1981 1227 2067 peperisse.
1279 1981 1324 2046 Et
1339 1983 1402 2046 boc

302 2089 423 2146 certum
439 2089 487 2147 est
503 2081 641 2146 maxime
654 2081 740 2167 apud
757 2082 933 2168 AEgyptios
947 2080 1024 2147 fieri.
1075 2082 1215 2167 contigit
1237 2081 1345 2165 itaque
1362 2091 1401 2146 nt

302 2204 358 2246 rex
370 2181 597 2268 Agelnrundus,
611 2181 687 2246 dum
701 2180 760 2247 iter
775 2190 924 2270 carperet,
938 2181 979 2246 ad
995 2182 1125 2248 eandem
1140 2181 1290 2265 piscinam
1307 2182 1403 2247 dere-

301 2282 392 2350 niret.
438 2283 499 2365 Qui
514 2305 586 2347 cum
602 2305 681 2367 equo
695 2289 817 2347 retento
831 2282 1022 2349 miserandos
1037 2281 1206 2348 infantulos
1219 2282 1399 2358 miraretur,

301 2383 452 2468 hastaque
477 2405 570 2467 quam
598 2405 692 2447 manu
719 2383 857 2468 gerebat,
885 2383 948 2446 buc
972 2382 1106 2467 illucque
1132 2405 1185 2448 eos
1215 2382 1397 2460 inverteret,

299 2504 379 2549 unus
394 2507 434 2548 ex
449 2484 510 2549 illis
524 2505 619 2548 manu
633 2481 749 2568 injecta
762 2482 886 2548 hastam
900 2481 1018 2568 regiam
1031 2483 1277 2568 comprehendit.
1323 2481 1400 2548 Rex

299 2583 509 2650 misericordia
522 2593 636 2661 motus,
650 2583 829 2667 factumque
844 2582 938 2648 altius
952 2583 1134 2660 admiratus,
1153 2605 1224 2647 oum
1247 2587 1400 2668 magnum

300 2683 441 2750 futurum
466 2684 668 2771 pronuntiat:
695 2705 830 2767 moxque
848 2705 919 2747 eum
941 2706 959 2748 e
981 2683 1101 2770 piscina
1123 2684 1220 2748 levari
1242 2684 1396 2768 praecipit,

299 2793 393 2869 atquc
419 2785 533 2850 nutrici
558 2782 720 2861 traditum,
744 2783 829 2847 omni
851 2805 923 2847 cum
950 2784 1055 2848 studio
1082 2783 1213 2849 mandat
1236 2783 1396 2848 alendum.

301 2884 346 2949 Et
375 2887 449 2970 quia
477 2906 549 2950 eum
574 2884 613 2950 de
636 2882 762 2968 piscina,
786 2906 855 2968 qnae
880 2905 988 2948 eorum
1012 2883 1118 2970 lingna
1139 2885 1241 2949 Lama
1268 2883 1395 2962 dicitur,

296 2984 436 3064 abstulit,
462 2985 613 3050 Lamissio
638 2983 738 3049 eidem
763 3005 876 3048 nomen
901 2983 1057 3069 imposuit.
1103 2983 1165 3066 Qui
1191 3006 1264 3050 cum
1290 2985 1397 3050 adole·

299 3083 403 3163 risset,
421 3085 500 3150 adeo
516 3093 661 3152 strenuus
669 3083 796 3171 juvenis
820 3082 950 3149 effectus
975 3092 1033 3162 est,
1050 3092 1086 3149 ut
1112 3094 1143 3149 et
1169 3085 1394 3150 bellicossimus

298 3184 449 3264 extiterit,
475 3193 593 3271 etpost
608 3183 801 3270 Agelmundi
818 3185 920 3263 firnus,
939 3184 1026 3270 regni
1040 3185 1250 3270 gubernacula
1264 3185 1394 3250 rexerit.

298 3283 418 3350 Ferunt
444 3287 536 3364 hunc,
552 3286 628 3350 dnm
655 3285 853 3369 Longobardi
878 3307 949 3349 cum
972 3307 1044 3370 rege
1058 3307 1114 3350 suo
1131 3285 1192 3351 iter
1207 3293 1336 3371 agentes
1350 3285 1395 3350 ad

296 3387 452 3469 quendam
467 3383 596 3451 fluvium
612 3387 835 3470 pervenissent,
853 3393 886 3448 et
900 3385 941 3450 ab
957 3385 1170 3450 Amazonibus
1194 3393 1298 3452 essent
1321 3409 1394 3471 pro-

295 3485 388 3551 hibiti
409 3487 494 3551 ultra
515 3507 684 3571 permeare,
702 3507 774 3549 cum
796 3507 904 3550 earum
925 3485 1094 3550 fortissima
1115 3486 1148 3551 in
1168 3483 1263 3551 fluvio
1278 3493 1393 3551 natatu

294 3609 457 3672 pugnasse,
483 3608 613 3669 eamque
638 3584 811 3670 peremisse,
835 3585 954 3668 sibique
979 3585 1080 3651 laudis
1101 3587 1242 3671 gloriam,
1267 3585 1393 3671 Longo-

295 3686 398 3753 bardis
415 3709 536 3772 quoque
551 3687 717 3750 transitum
732 3684 907 3771 paravisse:
931 3685 990 3750 boc
1013 3685 1163 3771 siquidem
1185 3687 1267 3752 inter
1288 3695 1391 3752 utras·

293 3809 354 3871 qne
378 3789 459 3853 acies
483 3785 569 3874 prius
596 3785 781 3860 constitisse,
804 3797 957 3868 quatenus
982 3784 1007 3851 si
1023 3787 1187 3851 Amazona
1201 3787 1311 3852 eadem
1328 3787 1391 3852 La-

293 3887 470 3954 missionem
496 3894 665 3973 superaret,
693 3885 889 3972 Longobardi
915 3909 935 3950 a
960 3884 1086 3950 flumine
1116 3887 1316 3960 recederent;
1341 3889 1391 3952 sin

295 4009 366 4053 vero
390 4011 410 4052 a
435 3988 636 4064 Lamissione,
651 3994 688 4051 ut
712 3995 744 4050 et
767 3987 885 4051 factum
908 3994 964 4064 cst,
980 3987 1049 4072 ipsa
1063 3987 1247 4064 vinceretur,
1266 3987 1390 4071 Longo-

291 4087 396 4154 berdis
421 4089 530 4154 eadem
558 4086 737 4174 permeandi
760 4084 877 4151 fluenta
901 4086 990 4172 copia
1014 4087 1211 4172 praeberetur.
1257 4087 1392 4153 Constat

289 4211 364 4255 sanc
387 4189 460 4274 quia
480 4187 574 4275 hujus
598 4187 775 4253 assertionis
797 4187 891 4253 series
912 4187 1014 4252 minus
1029 4187 1155 4253 veritati
1178 4187 1311 4254 subnixa
1328 4196 1389 4256 est.

292 4289 445 4356 Omnibus
470 4288 595 4366 etenim,
624 4288 735 4372 quibus
759 4295 881 4354 veteres
905 4289 1042 4353 historiar
1068 4296 1153 4352 notae
1180 4295 1263 4368 sunt,
1290 4297 1393 4374 patet,

289 4399 414 4474 gentem
439 4389 650 4456 Amazonum·
664 4390 754 4474 longe
777 4395 880 4466 antea,
906 4411 999 4473 quam
1023 4388 1089 4452 baec
1116 4386 1183 4454 {ieri
1208 4397 1393 4474 potuerunt,
