3144 5080
598 419 891 476 enonuoounnr.
1250 404 1300 474 xli

196 580 333 650 Λέοντος
350 577 405 644 καὶ
420 575 583 655 Φωτεινῆς
599 571 666 644 υἱὸς
680 571 862 654 γεγονώς..
876 616 883 632 .
897 569 914 635 ὁ
931 569 966 635 δὲ
986 571 1080 644 ὅσιος
1107 570 1203 643 οὗτος
1230 572 1300 638 ἐπί-

199 708 326 752 σκοπος
341 679 491 759 Ἰωάννης
499 675 585 762 μετὰ
595 679 700 742 τοῦτο
715 675 799 758 μετὰ
811 677 871 742 τοῦ
881 673 1060 742 ἰδίουλσοῦ
1074 679 1144 748 τοῖς
1154 675 1301 764 ἄρχουσι

199 790 264 852 τῶν
291 784 450 872 Χσζάρων
479 779 623 865 ἐξεδόθη,
647 778 702 845 διὰ
724 779 762 846 τὸ
792 779 1000 862 συσταθῆναι
1023 780 1112 868 αὐτῷ
1131 781 1179 868 τῷ
1198 779 1301 867 κυρίῳ

199 889 347 963 Γοτθίος,
369 886 425 952 καὶ
447 889 517 957 τοῖς
538 883 703 973 ἄρχουσιν
725 883 827 950 αὐτοῦ
849 883 906 950 καὶ
928 882 1030 950 παντὶ
1051 889 1098 972 τῷ
1117 887 1200 971 badi,
1216 882 1301 970 πρὸς

201 992 238 1058 τὸ
267 991 314 1074 μὴ
351 991 612 1076 κατοκυριεῦσαι
640 991 698 1068 τῆς
727 987 840 1074 χώρας
869 986 977 1052 αὐτῶν
1005 984 1082 1059 τοὺς
1112 985 1301 1072 εἰρημένους

198 1093 377 1182 Χσζάρους.
402 1090 619 1161 hoembure
633 1089 698 1179 «γὰρ
713 1088 731 1154 ὁ
745 1090 898 1172 Χοτγάνος
915 1089 1087 1177 πορέλσθε
1102 1088 1139 1155 τὸ
1156 1089 1302 1176 κάστρον

202 1197 309 1263 σύτῶν
344 1197 382 1268 τὸ
424 1192 605 1276 λεγόμενον
634 1192 749 1281 Δορὸς,
778 1191 916 1274 θέμενος
955 1192 990 1259 ἐν
1026 1193 1115 1280 αὐτῷ
1146 1193 1301 1278 φύλακος

201 1299 371 1382 τοξάτους,
396 1297 452 1370 οὓς
478 1296 535 1362 καὶ
559 1293 731 1378 ἔξεδίωξεν
755 1293 772 1360 ὁ
803 1293 971 1382 εἰρημένος
994 1295 1087 1367 ὅσιος
1113 1293 1301 1366 ἐπίσκοπος

200 1404 286 1486 μετὰ
300 1407 360 1469 τοῦ
372 1400 459 1466 saofi
479 1401 589 1474 αὐτοῦ,
614 1397 670 1464 καὶ
692 1398 751 1470 τὰς
773 1395 969 1487 χλησούρος
991 1395 1300 1487 ἐκράτησα-νίς,

205 1510 237 1576 S.
255 1509 398 1587 Joannis,
416 1530 457 1574 ex
473 1507 551 1573 cod.
568 1505 676 1570 Vetic.
693 1529 743 1591 ap.
761 1505 841 1569 Boll.
857 1504 936 1572 Jun.
956 1511 986 1586 5,
1005 1509 1077 1584 190,
1095 1509 1168 1574 191.

247 1635 310 1676 uo.
328 1613 422 1687 1255,
445 1609 523 1694 they
540 1606 638 1693 spoke
654 1606 790 1671 German
804 1612 881 1669 :-“
895 1605 923 1669 Il
943 1630 966 1693 y
987 1628 1007 1670 a
1030 1605 1085 1673 des
1095 1606 1214 1692 grands
1231 1629 1300 1692 pro·

205 1711 373 1776 montoires
397 1732 439 1774 ou
461 1731 534 1794 caps
558 1729 611 1772 sur
635 1715 718 1771 cette
741 1729 807 1772 mer
832 1705 942 1791 depuis
969 1707 1112 1772 Kersona
1131 1704 1302 1793 jnsqu'aux

205 1811 427 1876 embcucbures
449 1809 491 1872 du
517 1806 634 1872 Tanais
658 1816 691 1872 et
714 1807 841 1872 environ
862 1815 1014 1892 quarente
1035 1806 1192 1873 ohdteaux
1214 1815 1301 1872 entre

206 1911 350 1975 Kersona
366 1917 398 1973 et
414 1908 550 1985 Soldaia,
569 1907 647 1971 dont
664 1907 783 1972 chacun
800 1929 821 1972 a
836 1929 871 1972 sa
887 1906 1000 1993 langue
1014 1907 1226 1993 particuiierc.
1273 1907 1301 1972 Il

206 2032 229 2096 y
253 2031 275 2074 a
300 2008 383 2074 aussi
410 2007 562 2092 plusieurs
593 2007 695 2082 Gotho,
723 2008 777 2092 qui
807 2009 973 2074 rationem
999 2030 1102 2073 ουοονο
1128 2009 1162 2075 lc
1190 2009 1301 2096 ῐσυρυο

207 2106 549 2175 Αίῐουιοοᾱο.”-Βεὶε.
566 2105 754 2190 Rubroquis.

252 2209 294 2274 So
326 2208 403 2294 they
433 2206 488 2271 did
520 2206 552 2270 in
583 2209 774 2271 1436:-“
791 2205 899 2272 Dritto
926 2207 997 2272 dell'
1025 2207 1102 2274 iscla
1129 2206 1162 2272 di
1191 2206 1301 2294 Gapha

209 2309 239 2374 (Γ
253 2310 386 2386 intorno,
403 2307 452 2373 ch'
465 2311 485 2372 h
500 2329 537 2373 su
547 2303 568 2370 'l
584 2327 651 2370 mer
673 2305 842 2391 maggiore,
856 2307 882 2372 si
904 2316 1016 2372 truoua
1028 2309 1060 2373 le
1077 2307 1199 2386 corta,
1215 2332 1232 2374 e
1247 2309 1299 2395 poi

207 2409 227 2474 Γ
242 2408 367 2486 Alania,
385 2407 489 2491 laquel
504 2410 545 2470 rb
559 2429 615 2492 per
631 2406 737 2472 l'isola
758 2428 846 2472 verso
863 2407 1044 2473 Moncastro
1062 2457 1069 2473 .
1087 2459 1095 2475 .
1121 2409 1212 2475 Garri
1219 2431 1300 2495 ραν-

209 2511 280 2575 lem
304 2509 340 2574 io
370 2509 510 2574 Todasoo.
563 2505 606 2572 So
636 2514 757 2591 questo,
783 2507 896 2590 perche
920 2507 1063 2572 havendo
1090 2530 1133 2572 un
1160 2507 1299 2594 famiglio

210 2610 353 2675 Todesco
385 2631 443 2673 con
465 2630 525 2686 me,
559 2607 727 2692 perlauano
759 2605 885 2674 insieme
911 2615 943 2672 et
974 2606 1190 2672 intendeuensi
1221 2610 1301 2674 assei

210 2709 503 2796 regioneuolmente‚
525 2706 588 2772 cosi
612 2729 699 2772 corne
723 2706 748 2772 s'
756 2706 932 2773 intenderis
956 2729 999 2772 un
1018 2707 1155 2772 Furleno
1179 2729 1238 2772 eon
1257 2731 1301 2774 uu

212 2807 493 2875 Fioreutino.''-J
495 2808 580 2874 osefa
595 2806 743 2873 Barbare.

253 2906 772 2992 r.n.1557-1564,Busbequius
798 2906 952 2974 describes
976 2909 1029 2974 the
1055 2931 1247 2995 appearance
1269 2909 1307 2975 of

211 3033 269 3076 one
287 3010 323 3075 of
341 3010 427 3075 them
449 3031 485 3075 as
508 3015 527 3046 “
539 3008 701 3093 procerior,
718 3015 786 3072 toto
801 3031 853 3072 ore
870 3008 1036 3094 ingenuam
1057 3009 1213 3094 quandam
1230 3008 1302 3075 sim·

210 3110 382 3196 plicitatem
400 3132 463 3196 pree
487 3132 520 3174 se
541 3109 652 3184 ferens,
670 3117 706 3172 ut
728 3106 866 3172 Flander
879 3108 1037 3174 rideretur
1060 3119 1116 3175 aut
1129 3109 1302 3176 Brome?

213 3211 266 3276 He
280 3210 402 3275 further
417 3208 610 3274 learned-“
622 3218 748 3294 gentem
763 3231 829 3275 esse
843 3209 1031 3288 bellicosam,
1047 3233 1115 3294 queo
1129 3211 1303 3295 complures

211 3333 308 3398 pagos
322 3309 475 3394 hodieque
493 3308 650 3383 incoleret,
668 3309 836 3392 exquibus
856 3309 1058 3375 Tartarorum
1080 3310 1214 3395 regulus,
1230 3332 1302 3375 cum

213 3409 385 3496 expediret,
396 3409 591 3495 octingentos
601 3409 722 3494 pedites
732 3408 931 3496 sclopetarios
942 3409 1101 3491 scriberet,
1110 3409 1302 3495 praeeipuum

212 3533 338 3578 suarum
346 3509 504 3595 copiarum
515 3509 758 3573 firmamentum:
776 3509 937 3594 primarias
949 3533 1057 3576 eorum
1070 3511 1162 3576 urbes
1171 3509 1302 3576 alteram

212 3613 354 3697 Μομσυρ
369 3609 482 3686 vocari,
498 3609 630 3673 alteram
646 3607 828 3674 Soioarirr.”

263 3711 400 3796 Finally,
415 3709 455 3774 he
469 3709 556 3795 gives
576 3731 597 3774 a
620 3711 708 3776 short
722 3710 913 3797 vocabulary
932 3711 968 3776 cf
985 3711 1068 3776 their
1092 3711 1306 3796 lengum.-

214 3811 273 3876 See
290 3811 421 3898 Legatio
439 3809 581 3875 Turcica.

257 3912 323 3976 The
336 3918 457 3976 nearest
470 3910 729 3995 representatives
739 3909 775 3974 of
783 3910 836 3975 the
847 3933 959 3996 proper
971 3909 1073 3976 Gotho
1083 3909 1120 3975 of
1126 3912 1181 3976 the
1193 3908 1307 3976 Lower

213 4012 346 4077 Danube
360 4033 413 4076 are
426 4010 513 4075 these
529 4009 630 4075 Goths
645 4010 681 4074 of
692 4010 747 4075 the
761 4009 893 4088 (himen,
907 4011 1011 4077 whose
1025 4011 1217 4098 languageis
1234 4033 1305 4075 now

213 4113 280 4178 said
294 4121 328 4176 to
342 4112 381 4177 be
398 4111 530 4187 extinct,
546 4111 604 4176 but
621 4110 691 4175 who
708 4111 828 4195 require
842 4111 963 4176 further
977 4112 1207 4198 investigaticn.

258 4211 325 4276 The
343 4211 495 4276 Germane
509 4211 545 4276 of
552 4211 630 4276 both
643 4211 696 4276 the
709 4210 879 4276 Vicentine
890 4212 956 4276 and
970 4212 1024 4277 the
1036 4211 1223 4278 Grimeaare
1234 4211 1307 4274 well

213 4311 458 4390 authenticated,
476 4310 538 4376 and
553 4311 789 4399 unequivocally
806 4311 972 4378 Germanic
987 4313 1195 4400 populations.
1230 4310 1308 4376 This

214 4414 240 4478 is
255 4420 311 4478 not
328 4412 381 4477 the
396 4434 465 4478 case
481 4411 601 4477 with—
