3150 5136
571 453 854 509 arrunoounnut.
1186 439 1246 536 prxi

158 616 419 692 vasinabroncas,
436 615 571 692 Merena,
590 613 839 693 Mordensimnis,
854 613 951 692 Garis,
968 614 1078 692 Rocas,
1096 615 1249 692 Tadzaus,

158 717 290 794 Athual,
308 715 446 800 Navego,
465 714 675 800 Bubegentas,
699 715 832 789 Goldas;
858 724 890 779 et
912 737 983 780 cum
1005 723 1163 780 tantorum
1186 739 1250 781 ser·

158 818 235 881 vitio
252 839 340 882 carus
356 816 531 893 haberetur,
556 837 617 879 non
644 837 750 900 passus
776 823 823 880 est
849 815 910 880 nisi
935 823 967 880 et
993 823 1117 900 gentem
1145 815 1247 881 Heru-

158 918 269 991 lorum,
288 917 398 1000 quibus
422 922 552 1000 praerat
568 914 722 994 Alaricus,
748 937 862 1000 magna
881 937 921 980 ex
942 925 1030 1001 parte
1046 915 1245 992 trucidatam,

158 1017 306 1100 reliquam
328 1039 391 1082 suae
408 1015 563 1100 subigeret
578 1014 698 1079 ditioni.
746 1015 826 1080 Nam
844 1015 992 1100 praedicta
1004 1037 1081 1102 gens
1097 1015 1249 1098 (Ablavio

160 1117 307 1182 historico
320 1117 485 1194 referente)
498 1113 595 1200 juxta
611 1114 779 1180 Maeotidas
801 1115 929 1200 paludes
950 1115 1096 1180 habitans
1117 1117 1149 1181 in
1174 1116 1249 1180 locls

159 1216 383 1302 stagnantibus,
402 1238 478 1300 quas
496 1214 597 1279 Graeoi
617 1214 698 1278 Hele
712 1223 834 1293 vocant,
856 1215 968 1280 Heruli
981 1215 1132 1280 nominati
1155 1225 1247 1282 sunt:

159 1339 236 1402 gens
257 1325 373 1401 quanto
390 1316 491 1395 velox,
510 1337 546 1378 co
561 1315 693 1399 amplius
710 1315 938 1400 superbissima.
990 1315 1085 1380 Nulla
1099 1315 1251 1400 siquidem

157 1426 227 1481 erat
245 1425 318 1482 tunc
331 1439 416 1502 gens,
433 1439 501 1500 quae
516 1437 576 1479 non
595 1415 695 1479 levem
710 1423 901 1480 armaturam
919 1415 950 1479 in
966 1415 1031 1480 acie
1047 1439 1103 1481 sua
1119 1438 1160 1480 ex
1177 1415 1251 1501 ipsis

160 1518 318 1602 elegerint.
370 1515 432 1580 Sed
447 1515 588 1600 quamvis
604 1514 749 1581 velocitas
763 1539 870 1580 eorum
885 1516 925 1580 ab
946 1515 1015 1581 aliis
1039 1538 1119 1600 saepe
1136 1515 1254 1581 bellan-

163 1618 246 1683 tibus
271 1639 324 1682 eos
346 1625 514 1690 tutaretur,
531 1614 707 1680 Gothorum
730 1627 836 1682 tamen
857 1615 1021 1681 stabilitati
1044 1613 1197 1702 subjacuit
1221 1623 1253 1681 ct

162 1717 325 1782 tarditati:
350 1715 484 1800 fecitque
509 1737 603 1780 causa
624 1715 766 1792 fortunae,
790 1724 826 1780 ut
857 1723 888 1780 et
917 1716 974 1801 ipsi
1010 1717 1092 1781 inter
1120 1717 1253 1801 reliquas

160 1826 269 1902 gentes
283 1816 434 1882 Getarum
450 1815 514 1900 regi
530 1815 734 1880 Hermanrico
747 1817 918 1881 servierint.
964 1817 1042 1895 Post
1064 1816 1254 1881 Herulorum

92 1935 99 1948 ·
164 1917 282 1981 caedam
304 1917 386 1980 idern
411 1914 634 1980 Hermenricus
654 1916 686 1979 in
711 1917 851 1982 Venetos
871 1939 959 1982 arma
980 1916 1166 1992 commovit;
1202 1917 1254 2001 qni

164 2016 304 2100 quamvis
329 2016 423 2080 armis
449 2014 604 2100 desperiti,
632 2016 687 2080 sed
716 2016 936 2082 numerositate
965 2017 1125 2103 pollentes,
1156 2017 1254 2103 primo

164 2117 305 2180 resistere
323 2117 523 2180 conabantur.
569 2114 633 2178 Sed
648 2116 726 2180 nihil
741 2116 822 2180 valet
840 2116 1008 2181 multitudo
1022 2117 1054 2181 in
1070 2117 1161 2194 bello,
1177 2140 1254 2202 prae·

164 2217 271 2280 sertim
297 2216 350 2280 ubi
375 2224 406 2280 et
434 2215 521 2280 Deus
546 2214 710 2300 permittit,
734 2223 765 2280 et
792 2215 960 2280 multitudo
984 2216 1110 2282 fortium
1133 2225 1255 2282 armata

164 2316 334 2381 advenerit.
386 2315 469 2380 Nam
485 2315 528 2394 hi,
544 2323 580 2380 ut
595 2315 684 2379 initio
699 2315 910 2401 expositionis,
926 2315 974 2380 vel
990 2317 1131 2402 catalogo
1153 2317 1254 2402 gentis

165 2416 266 2480 dicere
289 2417 444 2501 coepim'us,
462 2416 502 2480 ab
525 2437 587 2480 nna
609 2415 703 2500 stirpe
720 2417 822 2480 exorti
838 2417 898 2480 tria
913 2438 994 2480 nuno
1011 2416 1137 2480 nomina
1150 2416 1253 2481 reddi·

165 2516 247 2594 dere,
266 2515 359 2582 idest
376 2517 502 2595 Veneti,
518 2517 630 2593 Antea,
649 2515 770 2581 Sclavi:
795 2513 847 2600 q'ui
862 2515 1003 2600 quamvis
1014 2537 1096 2580 nunc
1111 2515 1157 2580 ita
1180 2515 1254 2580 faci-

164 2618 288 2682 entibus
302 2617 436 2702 peccatis
453 2616 566 2682 nostris
587 2616 699 2700 ubique
722 2615 905 2692 desaeviunt,
924 2623 1029 2680 tamen
1051 2623 1127 2680 tuno
1148 2637 1255 2682 omnes

166 2717 363 2781 Hermanrioi
387 2716 521 2802 imperiis
547 2716 688 2782 serviere.
753 2716 935 2781 Hastorum
962 2738 1083 2800 quoque
1112 2715 1253 2781 similiter

164 2820 329 2894 nationem,
346 2817 397 2900 qui
422 2817 631 2902 longissimam
653 2817 752 2902 ripam
775 2816 891 2882 Oceani
914 2815 1090 2880 Germanici
1108 2815 1252 2895 insident,

165 2917 247 2982 idern
272 2919 338 3002 ipse
362 2918 527 3003 prudentia
542 2917 656 2982 virtute
680 2919 814 3002 subegit,
836 2917 1037 3001 omnibusque
1058 2915 1196 3002 Scythia
1222 2925 1255 2980 et

167 3018 341 3083 Germania
359 3017 545 3093 nationibus,
561 3017 626 3082 ansi
641 3017 773 3102 propriis
787 3017 954 3095 laboribus,
969 3016 1145 3101 imperavit.

213 3119 290 3183 Post
302 3127 408 3182 autem
424 3141 485 3182 non
500 3118 584 3202 longi
599 3117 748 3203 temporis
768 3117 976 3194 intervallum,
1000 3125 1036 3181 ut
1057 3116 1151 3182 refert
1174 3115 1251 3181 Oro·

167 3218 239 3292 sius,
272 3217 460 3283 Hunnorum
486 3240 564 3303 gens
594 3218 678 3281 omni
710 3217 871 3282 ferocitate
900 3217 1032 3282 atrocior
1066 3217 1183 3282 exarsit
1218 3216 1251 3280 in

168 3318 306 3382 Gothos:
331 3341 442 3402 eosque
468 3319 520 3402 qui
544 3317 628 3403 prius
652 3318 756 3382 timori
780 3326 868 3383 erant
888 3317 1007 3382 cacteris
1030 3317 1185 3402 gentihus,
1211 3318 1252 3381 ab

168 3417 303 3501 antiquis
316 3419 497 3482 conterritos
512 3418 630 3503 pepulit
645 3417 779 3484 sedibus.
833 3418 915 3482 Nam
933 3418 998 3494 hos,
1015 3425 1050 3481 ut
1065 3417 1157 3482 refert
1172 3417 1252 3482 anti-

167 3517 279 3601 quitas,
296 3518 341 3580 ita
366 3517 506 3582 extitisse
530 3520 744 3603 comperimus.
797 3517 925 3583 Filimer
942 3541 998 3583 rex
1021 3517 1207 3594 Gothorum,
1223 3529 1254 3582 et

168 3617 335 3682 Gandarici
360 3619 465 3702 magni
490 3616 581 3691 filius,
607 3627 676 3702 post
700 3641 856 3704 egressum
882 3618 1019 3683 Soanziae
1050 3617 1157 3683 insulae
1184 3616 1253 3703 jam

168 3717 275 3801 quinto
298 3717 364 3782 loco
390 3727 499 3782 tenens
523 3717 730 3803 principatum
754 3720 917 3794 Getarum,
933 3719 985 3803 qui
1012 3727 1044 3782 et
1059 3728 1158 3783 terras
1175 3716 1254 3803 Scy-

166 3817 266 3882 thicas
295 3841 365 3883 cum
392 3841 449 3883 sua
475 3824 567 3902 gente
596 3817 763 3896 introisset,
788 3819 868 3884 sicut
893 3842 913 3883 a
937 3819 1025 3884 nobis
1052 3819 1253 3892 dictumest,

168 3919 302 4003 repperit
318 3919 349 3982 in
363 3918 478 4004 populo
500 3941 556 3982 suo
578 3917 728 4001 quasdam
749 3941 857 4004 magas
877 3919 1030 3997 mulieres,
1053 3941 1129 4003 quas
1153 3917 1254 4004 patrio
1286 3995 1296 4014 ⁹

167 4040 305 4082 sermons
329 4019 521 4104 Alyrunrnas
546 4018 572 4083 is
597 4019 661 4103 ipse
689 4020 897 4105 cognominat,
923 4041 1035 4103 easque
1060 4019 1177 4084 habens
1203 4041 1252 4084 su·

166 4125 288 4202 spectas
317 4118 355 4182 de
381 4119 483 4183 medio
511 4119 558 4184 sui
585 4119 758 4205 proturbat,
787 4120 936 4206 longeque
964 4120 1004 4183 ab
1031 4119 1170 4184 exercitu
1199 4139 1254 4183 suo

166 4218 290 4303 fugatas
311 4219 344 4282 in
365 4219 530 4284 solitudine
547 4219 648 4304 coegit
664 4243 775 4285 errare.
834 4221 919 4301 Quas
933 4219 1088 4284 silvestres
1103 4220 1253 4291 homines,

94 4381 98 4390 Α
168 4341 244 4402 quos
273 4317 400 4384 Faunos
428 4317 566 4384 Ficarios
590 4330 712 4398 vocant,
742 4344 798 4407 per
830 4343 967 4384 eremum
1002 4327 1152 4404 vagantes
1181 4317 1256 4381 dum

170 4418 329 4500 vidissent,
348 4428 379 4485 et
394 4441 500 4486 earum
515 4441 547 4485 se
562 4421 775 4506 complexibus
788 4402 820 4486 in
836 4421 919 4486 coitu
943 4419 1146 4498 miscuissent,
1161 4439 1259 4504 genus
