3144 5080
308 293 381 366 lxvi
582 303 660 360 rna
682 301 863 358 casurus
889 301 937 358 or
962 301 1127 359 recrees.

310 491 407 555 quum
432 464 476 542 id,
495 461 579 548 quod
600 471 695 528 antea
721 462 842 549 petenti
867 459 1059 548 denegasset,
1082 463 1164 528 ultm
1189 461 1418 551 polliceretur:

312 587 521 654 magnamque
553 565 584 628 iu
616 586 703 649 spem
733 563 890 638 veniebat,
919 585 975 648 pro
1011 564 1075 628 suis
1113 565 1211 630 tantis
1239 565 1422 652 populique

313 668 449 736 Romani
474 666 507 730 in
533 687 605 730 eum
630 661 797 741 beneficiis,
814 661 946 748 cognitis
971 663 1035 728 suis
1060 665 1234 749 pmtulntis,
1260 665 1341 745 fore,
1366 667 1421 729 uti

315 766 487 856 pertinacia
512 765 688 832 desisteret.
731 762 811 828 Dies
833 762 985 846 colloquio
1010 763 1112 830 dictus
1136 773 1194 844 est,
1222 788 1263 830 ex
1290 789 1331 830 eo
1361 763 1423 832 die

316 871 454 956 quintus.
500 865 631 931 Interim
653 887 749 951 quum
770 885 851 950 sape
874 862 956 928 ultro
979 863 1116 950 citroque
1140 866 1235 951 legati
1257 866 1423 931 intereos

317 971 527 1045 mitterentur,
543 966 723 1032 Ariovistus
747 963 926 1050 postulavit,
944 987 983 1028 ne
1005 987 1097 1048 quem
1117 966 1254 1052 peditem
1280 967 1326 1031 ad
1353 967 1422 1031 ccl-

319 1070 457 1156 loquium
484 1069 589 1134 Gaesar
613 1065 805 1131 adduceret:
830 1064 927 1129 vereri
955 1087 997 1142 se,
1020 1087 1059 1131 ne
1076 1089 1131 1152 per
1154 1066 1281 1132 insidias
1308 1067 1354 1132 ab
1381 1091 1423 1132 eo

319 1169 618 1238 circumveniretur:
647 1175 776 1251 uterque
791 1187 863 1230 cum
889 1164 1028 1248 equitatu
1049 1166 1189 1238 veniret;
1214 1167 1277 1232 alia
1290 1167 1423 1232 ratione

320 1297 353 1340 se
368 1294 430 1336 non
445 1291 512 1336 esse
528 1276 706 1335 ventumm.
758 1265 872 1342 (iasar,
891 1265 973 1350 quod
989 1287 1088 1351 neque
1109 1267 1294 1352 colloquium
1317 1267 1424 1332 inter-

321 1373 425 1460 posita
449 1391 559 1436 caussa
589 1368 658 1434 tolli
684 1366 821 1442 volebat,
847 1387 946 1450 neque
971 1365 1103 1432 salutem
1132 1388 1220 1432 snam
1251 1367 1425 1433 Grallorum

322 1470 476 1558 equitatui
506 1469 701 1534 committere
727 1466 874 1544 audebat,
897 1466 1178 1534 commodissimum
1202 1489 1267 1534 esse
1289 1470 1424 1546 statuit,

322 1571 468 1640 omnibus
482 1569 569 1653 equis
584 1567 684 1634 Gallis
698 1567 854 1652 equitibus
869 1565 1027 1643 detractis,
1042 1589 1080 1633 eo
1104 1567 1285 1655 legionarios
1298 1569 1426 1635 milites

322 1670 455 1758 legionis
476 1670 615 1746 damma,
633 1668 684 1733 eui
704 1690 799 1753 quam
820 1666 955 1731 maxime
980 1665 1165 1746 confidebat,
1187 1669 1360 1754 imponere,
1383 1679 1425 1734 ut

325 1770 504 1859 presidium
534 1791 628 1853 qnam
659 1766 889 1844 amicissimum,
921 1765 948 1832 si
987 1767 1070 1851 quod
1098 1791 1176 1856 opus
1204 1769 1287 1834 facto
1320 1777 1421 1847 esset,

325 1871 465 1938 haberet.
512 1867 605 1950 Quod
630 1889 726 1953 qumn
754 1865 852 1945 fieret,
868 1889 930 1932 non
954 1866 1108 1934 irridicule
1130 1869 1255 1954 quidem
1272 1891 1313 1934 ex
1336 1870 1425 1934 mili-

327 1973 413 2038 tibus
439 1969 567 2036 decimae
597 1968 726 2054 legionis
748 1967 852 2033 dixit:
886 1973 907 2002 “
915 1968 994 2054 plus,
1020 1990 1112 2052 quam
1140 1969 1295 2055 pollicitus
1323 1979 1423 2046 esset,

327 2073 485 2140 Gaesarem
511 2069 540 2134 ei
565 2069 688 2137 facere:
711 2067 893 2153 pollicitum,
909 2090 942 2133 se
965 2068 997 2134 in
1020 2069 1155 2136 cohortis
1175 2069 1325 2156 pretoriae
1351 2070 1425 2134 loco

328 2173 482 2238 decimam
496 2169 650 2256 legionem
664 2169 853 2246 habiturum,
869 2190 950 2233 nunc
962 2169 1002 2234 ad
1017 2191 1129 2254 equum
1144 2169 1342 2236 rescribes?

373 2271 509 2338 XLIII.
537 2270 694 2338 Plauicies
718 2279 786 2334 erat
807 2290 931 2354 magna,
947 2277 979 2333 et
1001 2269 1034 2334 in
1056 2293 1093 2334 ea
1112 2270 1250 2336 tumulus
1275 2277 1426 2335 terrenus

329 2374 406 2442 satis
420 2371 557 2460 grandis.
610 2371 674 2436 Hic
697 2371 783 2435 locus
807 2391 895 2452 aequo
909 2369 970 2434 fers
985 2369 1087 2456 spatio
1099 2370 1139 2435 ab
1156 2369 1264 2436 castris
1279 2370 1427 2454 utrisque

327 2477 449 2543 aberat.
495 2472 554 2552 Εο,
572 2479 609 2537 ut
637 2479 705 2537 erut
730 2470 861 2547 dictum,
878 2467 918 2533 ad
940 2468 1124 2555 colloquium
1154 2479 1313 2536 venemnt.
1362 2471 1427 2536 Le-

327 2577 452 2664 gionem
479 2574 592 2650 Oaesar,
616 2593 711 2655 qnam
737 2569 824 2655 equis
850 2569 1028 2647 devexerat,
1051 2571 1191 2656 passibus
1213 2571 1355 2637 ducentis
1382 2573 1427 2637 ab

330 2701 368 2743 eo
395 2675 517 2741 tumulo
534 2672 708 2736 constituit.
761 2671 844 2735 Item
862 2669 980 2755 equItes
994 2669 1147 2737 Ariovisti
1169 2672 1235 2758 pari
1256 2672 1427 2737 intervallo

331 2775 548 2842 constiterunt.
624 2769 813 2849 Ariovistus,
850 2793 890 2836 ex
919 2769 1005 2855 equis
1040 2779 1072 2836 et
1103 2772 1346 2858 colloquerentur
1380 2785 1425 2849 et,

332 2883 517 2961 praeterae,
544 2869 640 2936 denos
665 2877 702 2936 ut
732 2871 774 2938 ad
803 2869 987 2956 colloquium
1016 2870 1216 2950 adducerent,
1242 2871 1427 2958 postulavit.

335 2975 402 3038 Ubi
426 2995 463 3036 eo
491 2977 620 3036 ventum
643 2979 702 3048 est,
729 2969 833 3037 (iasar
861 2971 951 3036 initio
979 2971 1127 3038 orationis
1149 2994 1205 3039 sua
1235 2979 1426 3057 senatusque

333 3075 366 3140 in
384 3093 456 3138 eum
478 3067 627 3135 beneficia
650 3071 914 3150 commemoravit,
933 3072 1047 3156 “quod
1067 3095 1124 3137 rex
1145 3072 1319 3160 adpellatns
1340 3081 1426 3138 esset

335 3195 355 3238 a
386 3179 507 3248 senatu,
537 3170 621 3254 quod
649 3171 778 3248 amicus,
808 3170 891 3255 quod
919 3194 1049 3238 munera
1084 3173 1273 3259 amplissima
1304 3175 1424 3240 missa:

335 3295 429 3359 quam
458 3293 525 3336 rem
550 3276 582 3336 et
614 3270 721 3356 paucis
750 3271 925 3356 contigisse,
961 3281 994 3337 et
1026 3295 1081 3358 pro
1114 3274 1235 3360 magnis
1262 3273 1427 3338 hominum

336 3371 445 3437 officiis
461 3392 624 3436 consuesse
638 3370 734 3436 tribui
746 3369 766 3398 ”
789 3370 940 3437 docebat:
969 3371 1097 3451 “illnm,
1122 3396 1216 3458 quum
1236 3395 1334 3458 nequa
1357 3374 1429 3438 adi-

337 3481 417 3546 tum,
433 3493 533 3555 neque
558 3493 700 3536 caussam
727 3471 905 3556 postulandi
924 3468 1043 3557 justam
1064 3473 1202 3554 haberet,
1218 3471 1365 3539 beneficio
1389 3495 1428 3538 ac

337 3571 525 3638 liberalitate
542 3593 600 3636 sua
614 3593 652 3635 ae
668 3579 794 3638 senatus
809 3595 846 3636 ea
859 3572 988 3658 praemia
1002 3573 1231 3639 consecutum.”
1281 3571 1429 3638 Docebat

338 3673 443 3748 etiam,
462 3679 588 3755 “quam
611 3679 742 3750 veteres,
768 3693 921 3757 quamque
939 3668 1035 3757 justa
1055 3695 1169 3740 caussa
1192 3673 1431 3740 necessitudinis

338 3771 413 3858 ipsis
432 3793 503 3835 cum
516 3769 636 3834 AEduis
651 3771 889 3848 intercederent,
908 3794 975 3855 quse
992 3781 1117 3839 senatus
1133 3776 1281 3854 consulta,
1295 3772 1430 3859 quoties,

339 3891 493 3955 quamque
521 3867 691 3934 honorifica
713 3869 746 3936 in
773 3893 825 3936 eos
850 3871 935 3937 facta
962 3881 1081 3938 emant:
1113 3881 1149 3938 nt
1173 3875 1257 3940 omui
1287 3882 1431 3958 tempore

339 3970 436 4035 totius
450 3968 560 4033 Galliae
578 3968 788 4054 principatum
803 3969 907 4034 AEdui
922 3972 1089 4052 tennisent,
1113 3973 1197 4059 prius
1214 3973 1318 4052 etiam,
1334 3995 1430 4059 qnam

339 4077 479 4135 nostram
508 4068 679 4134 amicitiam
710 4068 925 4153 adpetisscnt3
952 4073 1059 4157 populi
1090 4073 1224 4140 Romani
1252 4075 1333 4139 hanc
1362 4095 1432 4140 esse

337 4168 602 4246 consuetudinem,
625 4175 662 4231 ut
689 4167 787 4234 socios
812 4176 906 4254 atquc
934 4172 1051 4237 amicos
1073 4195 1135 4238 non
1161 4175 1255 4240 modo
1278 4175 1325 4240 sui
1352 4173 1432 4238 nihil

337 4268 516 4355 deperdere,
545 4266 601 4334 sed
616 4267 730 4353 gratia,
753 4268 917 4354 dignitate,
941 4271 1056 4338 bonore
1081 4275 1235 4342 auctiores
1249 4274 1324 4340 velit
1346 4295 1433 4340 esse:
