3088 5080
265 417 313 486 34
541 429 617 486 nnn
640 430 821 486 cneulur
844 431 892 487 or
916 431 1081 488 merrus.

308 589 476 660 wer-raus,
504 586 812 666 nequaquan-The
835 589 961 646 cerrated
980 587 1093 665 margin
1120 587 1152 646 cf
1175 585 1225 646 the
1248 588 1363 647 nudent

267 685 345 743 coins
364 686 483 744 ensured
505 685 583 745 them
604 687 717 763 against
737 685 825 763 being
846 684 968 763 clipped‚
983 684 1040 743 end
1061 684 1173 744 shoued
1192 684 1242 744 the
1262 692 1364 745 extent

266 790 296 841 to
310 781 404 841 which
418 781 486 860 they
499 783 557 843 hed
571 785 641 842 been
656 802 743 841 worn.

308 879 375 956 Any
393 881 457 940 cuin
474 880 571 960 might
593 881 629 940 be
652 889 784 939 mutus.
825 879 869 938 On
890 879 939 938 the
960 879 1042 938 other
1062 879 1149 949 hand,
1171 879 1251 940 those
1269 878 1362 938 which

266 998 339 1036 were
352 979 469 1038 marked
484 979 554 1039 with
570 978 618 1038 the
632 981 695 1056 br'pa
709 977 754 1058 (or
767 975 923 1056 quadripa)
935 997 1006 1036 were
1019 978 1195 1055 exclusively
1207 978 1361 1036 silver—-so

267 1075 332 1134 that
344 1073 467 1135 tertulla
486 1077 594 1155 applico
616 1089 645 1134 to
669 1075 719 1135 the
743 1082 859 1154 puttern
877 1075 910 1134 of
926 1075 976 1133 the
996 1076 1120 1153 coinage,
1134 1077 1243 1151 diputus
1261 1082 1292 1133 to
1313 1074 1362 1133 the

265 1173 498 1232 material-See
512 1173 664 1234 Pacciolst.
679 1175 709 1232 in
724 1193 769 1232 vv.

315 1690 383 1764 VI.
412 1691 472 1762 Ne
499 1691 631 1762 ferrum
659 1691 803 1784 quidem
830 1694 1017 1785 superest,¹
1042 1691 1134 1762 siout
1161 1715 1207 1761 ex
1227 1714 1359 1784 genere

266 1807 419 1878 telorum
433 1807 623 1900 colligitur.
674 1807 760 1878 Rari
782 1808 919 1901 gladiis,
937 1819 1000 1878 sut
1017 1807 1209 1899 majoribus
1227 1807 1360 1878 lanceis

266 1933 434 1994 utuntur:
455 1924 585 2006 hastas,
601 1924 658 1994 vel
675 1925 831 2017 ipsorum
850 1925 1023 1995 vocabulo
1035 1925 1203 1995 frumees²
1218 1935 1358 2016 gerunt,

266 2053 416 2132 angusto
433 2051 471 2112 et
488 2042 586 2112 brevi
613 2041 727 2125 ferro;
754 2053 808 2113 set
835 2044 886 2114 ite
908 2044 979 2112 acri
995 2051 1033 2111 et
1050 2042 1094 2111 nd
1115 2063 1219 2111 usum
1237 2040 1357 2123 habili,

264 2171 306 2228 ut
323 2158 449 2228 eodem
467 2158 550 2244 telo,
568 2166 674 2252 prout
691 2160 781 2229 ratio
805 2159 929 2252 poscit,
951 2157 1007 2228 vel
1025 2157 1184 2227 cominus
1197 2156 1254 2227 vel
1272 2157 1358 2228 emi-

264 2297 330 2344 nus
340 2285 520 2368 pugnent:
547 2285 584 2346 et
596 2297 703 2368 eques
719 2275 863 2367 quidem
880 2284 982 2346 scuto
996 2271 1200 2366 framedque
1211 2283 1359 2344 conten-

264 2401 322 2461 tus
336 2401 409 2463 est:
437 2393 575 2485 pedites
592 2401 631 2462 et
646 2391 793 2462 missilia
815 2401 995 2485 spargunt,
1019 2391 1191 2484 pluraque
1217 2390 1357 2483 singuli,

264 2516 373 2600 atque
399 2508 434 2577 in
463 2510 676 2579 immensum
693 2508 847 2591 vibrent,
877 2508 963 2577 nudi
994 2517 1057 2579 eut
1086 2507 1208 2600 sagulo
1238 2506 1356 2578 leves:

265 2623 363 2695 nulle
391 2625 522 2710 cultris
536 2627 710 2717 jactatio:
738 2634 839 2696 scuta
868 2625 1011 2694 tentum
1033 2624 1233 2696 lectissimis
1263 2623 1358 2694 colo-

264 2742 360 2812 ribus
372 2742 616 2835 distinguunt:
628 2743 749 2834 paucis
767 2741 905 2811 loricae:
924 2742 985 2810 vix
1002 2744 1063 2812 uni
1082 2740 1230 2812 alterive
1241 2742 1355 2824 cussis,

264 2868 326 2927 aut
341 2858 452 2950 gelen.
504 2857 597 2949 Equi
621 2881 694 2928 non
717 2855 843 2940 forme,
860 2881 932 2928 non
946 2857 1135 2929 velocitate
1153 2859 1354 2951 conspicui:

263 2975 325 3044 sed
339 2997 405 3044 nec
423 2976 555 3045 variare
572 2997 685 3068 gyros,
699 2976 737 3045 in
750 2998 885 3046 morem
902 2984 1073 3059 nostrum,
1085 2976 1267 3046 docentur.
1311 2975 1356 3046 In

266 3100 404 3162 rectum
421 3102 484 3162 out
501 3115 572 3162 uno
590 3092 686 3164 flexu
697 3093 842 3163 dextros
859 3101 982 3186 egunt,
995 3093 1045 3162 ite
1058 3092 1247 3184 conjuncto
1262 3094 1356 3177 orbe,

265 3215 307 3277 ut
322 3230 428 3277 nemo
445 3211 618 3302 posterior
641 3209 698 3279 sit.
752 3207 797 3278 In
818 3210 1022 3280 universum
1050 3209 1248 3292 aestimanti,
1277 3210 1357 3302 plus

265 3346 375 3416 penes
392 3325 548 3416 peditem
560 3325 714 3395 roboris:
738 3347 851 3416 eoque
869 3326 974 3395 mixti
991 3325 1209 3417 proeliantur,
1224 3323 1308 3418 apte
1320 3335 1358 3395 et

267 3450 485 3534 congruente
502 3442 545 3510 ad
564 3451 764 3533 equestrem
790 3463 946 3533 pugnem
971 3441 1172 3524 velocitate,
1185 3443 1356 3534 peditum,

267 3579 355 3649 quos
377 3580 423 3627 ex
451 3558 547 3627 omni
569 3557 762 3649 juventute
787 3556 947 3628 delectos
974 3565 1058 3628 ente
1088 3559 1201 3628 eciem
1227 3558 1357 3629 locent.

268 3674 449 3744 Definitur
466 3682 503 3744 et
528 3696 717 3744 numerus:
744 3675 886 3744 centeni
905 3698 951 3744 ex
969 3673 1117 3767 singulis
1134 3675 1232 3768 pagis
1249 3686 1355 3746 sunt:

269 3791 376 3882 idque
393 3791 508 3882 ipsum
539 3791 634 3860 inter
658 3813 739 3861 suos
763 3801 956 3862 vocentur:
980 3799 1018 3860 et
1044 3791 1137 3883 quod
1160 3787 1275 3882 primo
1293 3814 1359 3860 nu-

267 3930 385 3978 merus
398 3893 475 3990 fuit',
487 3907 564 3998 jem
578 3929 707 3978 nomen
719 3919 756 3978 et
769 3907 899 3978 honor³
914 3916 979 3978 est.
1024 3906 1133 3978 Acies
1151 3929 1357 4000 percurrens

269 4025 502 4116 componitur.
541 4023 678 4094 Cedere
693 4024 781 4108 loco,
798 4025 991 4095 dummodo
1006 4048 1124 4096 rursus
1141 4025 1260 4106 instes,
1275 4048 1357 4094 con·

268 4141 338 4213 silli
372 4140 480 4234 quem
515 4142 711 4211 formidinis
744 4141 971 4212 arbitrentur.
1024 4139 1181 4233 Corpora
1213 4163 1357 4212 suornm

269 4261 378 4330 etiem
404 4258 582 4328 indubiis
612 4257 744 4350 proeliis
774 4258 943 4328 referunt.
995 4256 1145 4328 Scutum
1172 4256 1356 4350 reliquisse

269 4377 483 4470 praecipuum
501 4374 697 4467 flagitium:
726 4397 790 4444 nec
815 4384 879 4445 aut
905 4375 1011 4444 sacris
1032 4375 1163 4454 adesse,
1187 4383 1249 4443 aut
1276 4395 1359 4474 con-
