<?xml version="1.0" encoding="UTF-8"?>
<!DOCTYPE html PUBLIC "-//W3C//DTD XHTML 1.0 Transitional//EN"
    "http://www.w3.org/TR/xhtml1/DTD/xhtml1-transitional.dtd">
<html xmlns="http://www.w3.org/1999/xhtml" xml:lang="en" lang="en">
 <head>
  <title>
</title>
<meta http-equiv="Content-Type" content="text/html;charset=utf-8" />
  <meta name='ocr-system' content='tesseract 3.04.00' />
  <meta name='ocr-capabilities' content='ocr_page ocr_carea ocr_par ocr_line ocrx_word'/>
</head>
<body>
  <div class='ocr_page' id='page_1' title='image "./germaniatacitus01lathgoog_0230.png"; bbox 0 0 3226 5088; ppageno 0'>
   <div class='ocr_carea' id='block_1_1' title="bbox 491 439 1298 511">
    <p class='ocr_par' dir='ltr' id='par_1_1' title="bbox 491 439 1298 511">
     <span class='ocr_line' id='line_1_1' title="bbox 491 439 1298 511; baseline 0.007 -7"><span class='ocrx_word' id='word_1_1' title='bbox 491 447 610 504; x_wconf 81' lang='lat' dir='ltr'><strong>noune</strong></span> <span class='ocrx_word' id='word_1_2' title='bbox 635 447 688 505; x_wconf 83' lang='lat' dir='ltr'><strong>ou</strong></span> <span class='ocrx_word' id='word_1_3' title='bbox 713 447 871 505; x_wconf 76' lang='lat' dir='ltr'><strong>securos</strong></span> <span class='ocrx_word' id='word_1_4' title='bbox 897 447 1028 506; x_wconf 85' lang='lat' dir='ltr'><strong>xxvrrr.</strong></span> <span class='ocrx_word' id='word_1_5' title='bbox 1250 439 1298 511; x_wconf 83' lang='lat'><strong>87</strong></span> 
     </span>
    </p>
   </div>
   <div class='ocr_carea' id='block_1_2' title="bbox 209 600 1300 689">
    <p class='ocr_par' dir='ltr' id='par_1_2' title="bbox 209 600 1300 689">
     <span class='ocr_line' id='line_1_2' title="bbox 209 600 1300 689; baseline 0.015 -35"><span class='ocrx_word' id='word_1_6' title='bbox 209 603 305 657; x_wconf 65' lang='lat' dir='ltr'><strong>numm</strong></span> <span class='ocrx_word' id='word_1_7' title='bbox 331 600 485 664; x_wconf 82' lang='lat' dir='ltr'><strong>altissimus</strong></span> <span class='ocrx_word' id='word_1_8' title='bbox 512 603 700 682; x_wconf 73' lang='lat' dir='ltr'><strong>impendebat,</strong></span> <span class='ocrx_word' id='word_1_9' title='bbox 727 609 762 663; x_wconf 91' lang='lat' dir='ltr'><strong>ut</strong></span> <span class='ocrx_word' id='word_1_10' title='bbox 784 603 867 664; x_wconf 81' lang='lat' dir='ltr'><strong>facile</strong></span> <span class='ocrx_word' id='word_1_11' title='bbox 896 606 1032 684; x_wconf 75' lang='lat' dir='ltr'><strong>perpauci</strong></span> <span class='ocrx_word' id='word_1_12' title='bbox 1058 607 1208 687; x_wconf 89' lang='lat' dir='ltr'><strong>prohibere</strong></span> <span class='ocrx_word' id='word_1_13' title='bbox 1234 631 1300 689; x_wconf 87' lang='lat' dir='ltr'><strong>pos-</strong></span> 
     </span>
    </p>
   </div>
   <div class='ocr_carea' id='block_1_3' title="bbox 199 701 1300 4480">
    <p class='ocr_par' dir='ltr' id='par_1_3' title="bbox 209 701 1300 1658">
     <span class='ocr_line' id='line_1_3' title="bbox 210 701 1300 786; baseline 0.011 -30"><span class='ocrx_word' id='word_1_14' title='bbox 210 706 297 758; x_wconf 89' lang='lat' dir='ltr'><strong>sent:</strong></span> <span class='ocrx_word' id='word_1_15' title='bbox 331 701 453 762; x_wconf 91' lang='lat' dir='ltr'><strong>alterum</strong></span> <span class='ocrx_word' id='word_1_16' title='bbox 485 721 536 782; x_wconf 89' lang='lat' dir='ltr'><strong>per</strong></span> <span class='ocrx_word' id='word_1_17' title='bbox 568 703 744 782; x_wconf 81' lang='lat' dir='ltr'><strong>provinciam</strong></span> <span class='ocrx_word' id='word_1_18' title='bbox 777 709 911 775; x_wconf 84' lang='lat' dir='ltr'><strong>nostram,</strong></span> <span class='ocrx_word' id='word_1_19' title='bbox 944 705 1036 763; x_wconf 86' lang='lat' dir='ltr'><strong>multo</strong></span> <span class='ocrx_word' id='word_1_20' title='bbox 1066 705 1179 766; x_wconf 73' lang='lat' dir='ltr'><strong>facilius</strong></span> <span class='ocrx_word' id='word_1_21' title='bbox 1213 713 1300 786; x_wconf 90' lang='lat' dir='ltr'><strong>atque</strong></span> 
     </span>
     <span class='ocr_line' id='line_1_4' title="bbox 209 798 1298 883; baseline 0.01 -30"><span class='ocrx_word' id='word_1_22' title='bbox 209 798 380 874; x_wconf 74' lang='lat' dir='ltr'><strong>expeditius,</strong></span> <span class='ocrx_word' id='word_1_23' title='bbox 395 807 542 880; x_wconf 85' lang='lat' dir='ltr'><strong>propterea</strong></span> <span class='ocrx_word' id='word_1_24' title='bbox 561 800 637 878; x_wconf 89' lang='lat' dir='ltr'><strong>quod</strong></span> <span class='ocrx_word' id='word_1_25' title='bbox 658 799 855 859; x_wconf 82' lang='lat' dir='ltr'><strong>Helvetiorum</strong></span> <span class='ocrx_word' id='word_1_26' title='bbox 875 799 952 859; x_wconf 86' lang='lat' dir='ltr'><strong>inter</strong></span> <span class='ocrx_word' id='word_1_27' title='bbox 970 801 1040 860; x_wconf 86' lang='lat' dir='ltr'><strong>fines</strong></span> <span class='ocrx_word' id='word_1_28' title='bbox 1060 809 1089 861; x_wconf 91' lang='lat' dir='ltr'><strong>et</strong></span> <span class='ocrx_word' id='word_1_29' title='bbox 1102 803 1298 883; x_wconf 73' lang='lat' dir='ltr'><strong>Allobrogum,</strong></span> 
     </span>
     <span class='ocr_line' id='line_1_5' title="bbox 212 894 1299 976; baseline 0.011 -26"><span class='ocrx_word' id='word_1_30' title='bbox 212 894 262 968; x_wconf 93' lang='lat' dir='ltr'><strong>qui</strong></span> <span class='ocrx_word' id='word_1_31' title='bbox 284 915 376 975; x_wconf 84' lang='lat' dir='ltr'><strong>nuper</strong></span> <span class='ocrx_word' id='word_1_32' title='bbox 395 898 488 976; x_wconf 85' lang='lat' dir='ltr'><strong>pacati</strong></span> <span class='ocrx_word' id='word_1_33' title='bbox 509 904 600 971; x_wconf 89' lang='lat' dir='ltr'><strong>erant,</strong></span> <span class='ocrx_word' id='word_1_34' title='bbox 614 897 770 956; x_wconf 85' lang='lat' dir='ltr'><strong>Rhodanus</strong></span> <span class='ocrx_word' id='word_1_35' title='bbox 790 896 865 968; x_wconf 89' lang='lat' dir='ltr'><strong>fluit,</strong></span> <span class='ocrx_word' id='word_1_36' title='bbox 879 898 960 975; x_wconf 87' lang='lat' dir='ltr'><strong>isque</strong></span> <span class='ocrx_word' id='word_1_37' title='bbox 973 900 1119 959; x_wconf 83' lang='lat' dir='ltr'><strong>nonnullis</strong></span> <span class='ocrx_word' id='word_1_38' title='bbox 1139 901 1208 960; x_wconf 88' lang='lat' dir='ltr'><strong>locis</strong></span> <span class='ocrx_word' id='word_1_39' title='bbox 1226 903 1299 962; x_wconf 83' lang='lat' dir='ltr'><strong>rado</strong></span> 
     </span>
     <span class='ocr_line' id='line_1_6' title="bbox 210 993 1299 1076; baseline 0.009 -28"><span class='ocrx_word' id='word_1_40' title='bbox 210 993 356 1054; x_wconf 82' lang='lat' dir='ltr'><strong>transitur.</strong></span> <span class='ocrx_word' id='word_1_41' title='bbox 397 995 566 1056; x_wconf 82' lang='lat' dir='ltr'><strong>Extremum</strong></span> <span class='ocrx_word' id='word_1_42' title='bbox 580 995 717 1075; x_wconf 92' lang='lat' dir='ltr'><strong>oppidum</strong></span> <span class='ocrx_word' id='word_1_43' title='bbox 732 995 920 1074; x_wconf 81' lang='lat' dir='ltr'><strong>Allobrogum</strong></span> <span class='ocrx_word' id='word_1_44' title='bbox 933 1003 976 1055; x_wconf 83' lang='lat' dir='ltr'><strong>est</strong></span> <span class='ocrx_word' id='word_1_45' title='bbox 994 997 1214 1076; x_wconf 84' lang='lat' dir='ltr'><strong>proximumque</strong></span> <span class='ocrx_word' id='word_1_46' title='bbox 1228 999 1299 1058; x_wconf 91' lang='lat' dir='ltr'><strong>Hel·</strong></span> 
     </span>
     <span class='ocr_line' id='line_1_7' title="bbox 209 1090 1297 1174; baseline 0.009 -28"><span class='ocrx_word' id='word_1_47' title='bbox 209 1090 349 1150; x_wconf 84' lang='lat' dir='ltr'><strong>vetiorum</strong></span> <span class='ocrx_word' id='word_1_48' title='bbox 361 1091 475 1163; x_wconf 87' lang='lat' dir='ltr'><strong>linibus,</strong></span> <span class='ocrx_word' id='word_1_49' title='bbox 484 1092 608 1152; x_wconf 76' lang='lat' dir='ltr'><strong>Genera</strong></span> <span class='ocrx_word' id='word_1_50' title='bbox 648 1092 693 1152; x_wconf 83' lang='lat' dir='ltr'><strong>llx</strong></span> <span class='ocrx_word' id='word_1_51' title='bbox 706 1113 739 1152; x_wconf 92' lang='lat' dir='ltr'><strong>eo</strong></span> <span class='ocrx_word' id='word_1_52' title='bbox 749 1093 854 1171; x_wconf 91' lang='lat' dir='ltr'><strong>oppido</strong></span> <span class='ocrx_word' id='word_1_53' title='bbox 868 1113 938 1172; x_wconf 83' lang='lat' dir='ltr'><strong>pone</strong></span> <span class='ocrx_word' id='word_1_54' title='bbox 952 1094 989 1153; x_wconf 87' lang='lat' dir='ltr'><strong>ad</strong></span> <span class='ocrx_word' id='word_1_55' title='bbox 1004 1095 1152 1154; x_wconf 83' lang='lat' dir='ltr'><strong>Helvetios</strong></span> <span class='ocrx_word' id='word_1_56' title='bbox 1164 1096 1297 1174; x_wconf 81' lang='lat' dir='ltr'><strong>pertinet</strong></span> 
     </span>
     <span class='ocr_line' id='line_1_8' title="bbox 211 1186 1297 1269; baseline 0.008 -25"><span class='ocrx_word' id='word_1_57' title='bbox 211 1186 411 1268; x_wconf 80' lang='lat' dir='ltr'><strong>Allobrogibus</strong></span> <span class='ocrx_word' id='word_1_58' title='bbox 433 1209 490 1250; x_wconf 90' lang='lat' dir='ltr'><strong>sess</strong></span> <span class='ocrx_word' id='word_1_59' title='bbox 509 1190 555 1249; x_wconf 83' lang='lat' dir='ltr'><strong>vel</strong></span> <span class='ocrx_word' id='word_1_60' title='bbox 577 1209 765 1269; x_wconf 74' lang='lat' dir='ltr'><strong>persuasurus,</strong></span> <span class='ocrx_word' id='word_1_61' title='bbox 790 1190 866 1268; x_wconf 90' lang='lat' dir='ltr'><strong>quod</strong></span> <span class='ocrx_word' id='word_1_62' title='bbox 893 1190 1021 1252; x_wconf 90' lang='lat' dir='ltr'><strong>nondum</strong></span> <span class='ocrx_word' id='word_1_63' title='bbox 1048 1193 1123 1252; x_wconf 90' lang='lat' dir='ltr'><strong>bono</strong></span> <span class='ocrx_word' id='word_1_64' title='bbox 1145 1194 1241 1253; x_wconf 87' lang='lat' dir='ltr'><strong>animo</strong></span> <span class='ocrx_word' id='word_1_65' title='bbox 1265 1194 1297 1253; x_wconf 87' lang='lat' dir='ltr'><strong>in</strong></span> 
     </span>
     <span class='ocr_line' id='line_1_9' title="bbox 210 1286 1296 1364; baseline 0.004 -18"><span class='ocrx_word' id='word_1_66' title='bbox 210 1286 348 1363; x_wconf 91' lang='lat' dir='ltr'><strong>populum</strong></span> <span class='ocrx_word' id='word_1_67' title='bbox 368 1287 529 1348; x_wconf 82' lang='lat' dir='ltr'><strong>Romanum</strong></span> <span class='ocrx_word' id='word_1_68' title='bbox 548 1287 722 1358; x_wconf 82' lang='lat' dir='ltr'><strong>riderentur,</strong></span> <span class='ocrx_word' id='word_1_69' title='bbox 737 1288 942 1347; x_wconf 76' lang='lat' dir='ltr'><strong>existimabant</strong></span> <span class='ocrx_word' id='word_1_70' title='bbox 952 1309 961 1363; x_wconf 82' lang='lat'>3</span> <span class='ocrx_word' id='word_1_71' title='bbox 981 1289 1027 1348; x_wconf 83' lang='lat' dir='ltr'><strong>vel</strong></span> <span class='ocrx_word' id='word_1_72' title='bbox 1045 1291 1074 1350; x_wconf 84' lang='lat' dir='ltr'><strong>ri</strong></span> <span class='ocrx_word' id='word_1_73' title='bbox 1094 1297 1248 1364; x_wconf 86' lang='lat' dir='ltr'><strong>coacturos,</strong></span> <span class='ocrx_word' id='word_1_74' title='bbox 1261 1297 1296 1350; x_wconf 91' lang='lat' dir='ltr'><strong>ut</strong></span> 
     </span>
     <span class='ocr_line' id='line_1_10' title="bbox 209 1384 1296 1467; baseline 0.006 -26"><span class='ocrx_word' id='word_1_75' title='bbox 209 1401 260 1461; x_wconf 92' lang='lat' dir='ltr'><strong>per</strong></span> <span class='ocrx_word' id='word_1_76' title='bbox 271 1403 335 1444; x_wconf 84' lang='lat' dir='ltr'><strong>suos</strong></span> <span class='ocrx_word' id='word_1_77' title='bbox 347 1385 417 1446; x_wconf 86' lang='lat' dir='ltr'><strong>fines</strong></span> <span class='ocrx_word' id='word_1_78' title='bbox 430 1405 476 1445; x_wconf 90' lang='lat' dir='ltr'><strong>eos</strong></span> <span class='ocrx_word' id='word_1_79' title='bbox 495 1386 538 1444; x_wconf 92' lang='lat' dir='ltr'><strong>ire</strong></span> <span class='ocrx_word' id='word_1_80' title='bbox 557 1392 732 1464; x_wconf 84' lang='lat' dir='ltr'><strong>paterentur.</strong></span> <span class='ocrx_word' id='word_1_81' title='bbox 774 1384 914 1445; x_wconf 88' lang='lat' dir='ltr'><strong>Omnibus</strong></span> <span class='ocrx_word' id='word_1_82' title='bbox 934 1387 1018 1446; x_wconf 89' lang='lat' dir='ltr'><strong>rebus</strong></span> <span class='ocrx_word' id='word_1_83' title='bbox 1037 1387 1074 1446; x_wconf 87' lang='lat' dir='ltr'><strong>ad</strong></span> <span class='ocrx_word' id='word_1_84' title='bbox 1094 1387 1296 1467; x_wconf 83' lang='lat' dir='ltr'><strong>profectionem</strong></span> 
     </span>
     <span class='ocr_line' id='line_1_11' title="bbox 209 1481 1297 1561; baseline 0.006 -22"><span class='ocrx_word' id='word_1_85' title='bbox 209 1483 386 1561; x_wconf 83' lang='lat' dir='ltr'><strong>comparatis,</strong></span> <span class='ocrx_word' id='word_1_86' title='bbox 407 1483 482 1542; x_wconf 91' lang='lat' dir='ltr'><strong>diem</strong></span> <span class='ocrx_word' id='word_1_87' title='bbox 509 1482 697 1559; x_wconf 69' lang='lat' dir='ltr'><strong>dicuntque</strong></span> <span class='ocrx_word' id='word_1_88' title='bbox 717 1482 764 1542; x_wconf 90' lang='lat' dir='ltr'><strong>die</strong></span> <span class='ocrx_word' id='word_1_89' title='bbox 785 1482 822 1541; x_wconf 86' lang='lat' dir='ltr'><strong>ad</strong></span> <span class='ocrx_word' id='word_1_90' title='bbox 845 1481 937 1560; x_wconf 89' lang='lat' dir='ltr'><strong>ripam</strong></span> <span class='ocrx_word' id='word_1_91' title='bbox 961 1482 1093 1543; x_wconf 87' lang='lat' dir='ltr'><strong>Rhodani</strong></span> <span class='ocrx_word' id='word_1_92' title='bbox 1115 1504 1210 1544; x_wconf 88' lang='lat' dir='ltr'><strong>omnes</strong></span> <span class='ocrx_word' id='word_1_93' title='bbox 1231 1505 1297 1545; x_wconf 90' lang='lat' dir='ltr'><strong>cnu-</strong></span> 
     </span>
     <span class='ocr_line' id='line_1_12' title="bbox 209 1579 1281 1658; baseline 0.006 -22"><span class='ocrx_word' id='word_1_94' title='bbox 209 1579 341 1640; x_wconf 84' lang='lat' dir='ltr'><strong>veniant:</strong></span> <span class='ocrx_word' id='word_1_95' title='bbox 361 1581 459 1640; x_wconf 85' lang='lat' dir='ltr'><strong>isdies</strong></span> <span class='ocrx_word' id='word_1_96' title='bbox 473 1586 534 1640; x_wconf 87' lang='lat' dir='ltr'><strong>erat</strong></span> <span class='ocrx_word' id='word_1_97' title='bbox 547 1600 573 1640; x_wconf 75' lang='lat' dir='ltr'><strong>a</strong></span> <span class='ocrx_word' id='word_1_98' title='bbox 586 1579 615 1638; x_wconf 91' lang='lat' dir='ltr'><strong>d.</strong></span> <span class='ocrx_word' id='word_1_99' title='bbox 630 1579 665 1639; x_wconf 89' lang='lat' dir='ltr'><strong>V.</strong></span> <span class='ocrx_word' id='word_1_100' title='bbox 682 1579 745 1639; x_wconf 84' lang='lat' dir='ltr'><strong>Kal</strong></span> <span class='ocrx_word' id='word_1_101' title='bbox 762 1579 833 1658; x_wconf 77' lang='lat' dir='ltr'><strong>Apr.</strong></span> <span class='ocrx_word' id='word_1_102' title='bbox 846 1579 878 1638; x_wconf 78' lang='lat' dir='ltr'><strong>Is.</strong></span> <span class='ocrx_word' id='word_1_103' title='bbox 893 1579 1003 1650; x_wconf 90' lang='lat' dir='ltr'><strong>Pisone,</strong></span> <span class='ocrx_word' id='word_1_104' title='bbox 1018 1581 1053 1640; x_wconf 77' lang='lat' dir='ltr'><strong>I.</strong></span> <span class='ocrx_word' id='word_1_105' title='bbox 1068 1581 1192 1642; x_wconf 81' lang='lat' dir='ltr'><strong>Gabinio</strong></span> <span class='ocrx_word' id='word_1_106' title='bbox 1207 1582 1281 1642; x_wconf 84' lang='lat' dir='ltr'><strong>Ooss.</strong></span> 
     </span>
    </p>

    <p class='ocr_par' dir='ltr' id='par_1_4' title="bbox 204 1675 1297 3410">
     <span class='ocr_line' id='line_1_13' title="bbox 250 1675 1295 1758; baseline 0.007 -25"><span class='ocrx_word' id='word_1_107' title='bbox 250 1675 321 1736; x_wconf 86' lang='lat' dir='ltr'>VII.</span> <span class='ocrx_word' id='word_1_108' title='bbox 352 1677 455 1737; x_wconf 74' lang='lat' dir='ltr'><strong>(laseri</strong></span> <span class='ocrx_word' id='word_1_109' title='bbox 486 1696 576 1754; x_wconf 89' lang='lat' dir='ltr'><strong>quum</strong></span> <span class='ocrx_word' id='word_1_110' title='bbox 606 1676 638 1735; x_wconf 92' lang='lat' dir='ltr'><strong>id</strong></span> <span class='ocrx_word' id='word_1_111' title='bbox 670 1678 838 1736; x_wconf 84' lang='lat' dir='ltr'><strong>nunciatum</strong></span> <span class='ocrx_word' id='word_1_112' title='bbox 868 1685 946 1751; x_wconf 87' lang='lat' dir='ltr'><strong>esset,</strong></span> <span class='ocrx_word' id='word_1_113' title='bbox 970 1698 1016 1738; x_wconf 85' lang='lat' dir='ltr'><strong>eos</strong></span> <span class='ocrx_word' id='word_1_114' title='bbox 1042 1699 1092 1758; x_wconf 87' lang='lat' dir='ltr'><strong>per</strong></span> <span class='ocrx_word' id='word_1_115' title='bbox 1118 1681 1295 1758; x_wconf 80' lang='lat' dir='ltr'><strong>prouinciam</strong></span> 
     </span>
     <span class='ocr_line' id='line_1_14' title="bbox 210 1774 1294 1855; baseline 0.005 -23"><span class='ocrx_word' id='word_1_116' title='bbox 210 1780 335 1833; x_wconf 87' lang='lat' dir='ltr'><strong>nostram</strong></span> <span class='ocrx_word' id='word_1_117' title='bbox 359 1775 413 1833; x_wconf 85' lang='lat' dir='ltr'><strong>iter</strong></span> <span class='ocrx_word' id='word_1_118' title='bbox 435 1774 525 1834; x_wconf 85' lang='lat' dir='ltr'><strong>facere</strong></span> <span class='ocrx_word' id='word_1_119' title='bbox 547 1775 651 1848; x_wconf 83' lang='lat' dir='ltr'><strong>conari,</strong></span> <span class='ocrx_word' id='word_1_120' title='bbox 665 1781 792 1834; x_wconf 84' lang='lat' dir='ltr'><strong>maturat</strong></span> <span class='ocrx_word' id='word_1_121' title='bbox 813 1774 851 1834; x_wconf 89' lang='lat' dir='ltr'><strong>ab</strong></span> <span class='ocrx_word' id='word_1_122' title='bbox 874 1777 945 1834; x_wconf 88' lang='lat' dir='ltr'><strong>urbe</strong></span> <span class='ocrx_word' id='word_1_123' title='bbox 967 1775 1106 1854; x_wconf 87' lang='lat' dir='ltr'><strong>proficisci</strong></span> <span class='ocrx_word' id='word_1_124' title='bbox 1117 1797 1126 1850; x_wconf 88' lang='lat'>;</span> <span class='ocrx_word' id='word_1_125' title='bbox 1147 1789 1184 1850; x_wconf 88' lang='lat' dir='ltr'><strong>et,</strong></span> <span class='ocrx_word' id='word_1_126' title='bbox 1207 1797 1294 1855; x_wconf 89' lang='lat' dir='ltr'><strong>quam</strong></span> 
     </span>
     <span class='ocr_line' id='line_1_15' title="bbox 208 1871 1294 1949; baseline 0.006 -20"><span class='ocrx_word' id='word_1_127' title='bbox 208 1872 343 1929; x_wconf 84' lang='lat' dir='ltr'><strong>maximia</strong></span> <span class='ocrx_word' id='word_1_128' title='bbox 365 1877 458 1949; x_wconf 85' lang='lat' dir='ltr'><strong>potest</strong></span> <span class='ocrx_word' id='word_1_129' title='bbox 478 1871 637 1940; x_wconf 86' lang='lat' dir='ltr'><strong>itineribus,</strong></span> <span class='ocrx_word' id='word_1_130' title='bbox 658 1871 690 1930; x_wconf 90' lang='lat' dir='ltr'><strong>in</strong></span> <span class='ocrx_word' id='word_1_131' title='bbox 711 1872 836 1932; x_wconf 74' lang='lat' dir='ltr'><strong>Galliam</strong></span> <span class='ocrx_word' id='word_1_132' title='bbox 856 1873 1020 1932; x_wconf 85' lang='lat' dir='ltr'><strong>ulteriorem</strong></span> <span class='ocrx_word' id='word_1_133' title='bbox 1040 1875 1187 1934; x_wconf 88' lang='lat' dir='ltr'><strong>contendit</strong></span> <span class='ocrx_word' id='word_1_134' title='bbox 1205 1882 1234 1934; x_wconf 91' lang='lat' dir='ltr'><strong>et</strong></span> <span class='ocrx_word' id='word_1_135' title='bbox 1257 1877 1294 1936; x_wconf 89' lang='lat' dir='ltr'><strong>ad</strong></span> 
     </span>
     <span class='ocr_line' id='line_1_16' title="bbox 209 1967 1295 2049; baseline 0.006 -23"><span class='ocrx_word' id='word_1_136' title='bbox 209 1967 351 2026; x_wconf 75' lang='lat' dir='ltr'><strong>Generum</strong></span> <span class='ocrx_word' id='word_1_137' title='bbox 365 1969 514 2046; x_wconf 81' lang='lat' dir='ltr'><strong>pervenit:</strong></span> <span class='ocrx_word' id='word_1_138' title='bbox 533 1969 686 2046; x_wconf 76' lang='lat' dir='ltr'><strong>provinciae</strong></span> <span class='ocrx_word' id='word_1_139' title='bbox 707 1969 762 2027; x_wconf 91' lang='lat' dir='ltr'><strong>toti</strong></span> <span class='ocrx_word' id='word_1_140' title='bbox 780 1988 868 2046; x_wconf 87' lang='lat' dir='ltr'><strong>quam</strong></span> <span class='ocrx_word' id='word_1_141' title='bbox 885 1970 1044 2030; x_wconf 81' lang='lat' dir='ltr'><strong>maximum</strong></span> <span class='ocrx_word' id='word_1_142' title='bbox 1063 1977 1155 2049; x_wconf 87' lang='lat' dir='ltr'><strong>potest</strong></span> <span class='ocrx_word' id='word_1_143' title='bbox 1168 1973 1295 2032; x_wconf 90' lang='lat' dir='ltr'><strong>militum</strong></span> 
     </span>
     <span class='ocr_line' id='line_1_17' title="bbox 210 2065 1297 2148; baseline 0.006 -25"><span class='ocrx_word' id='word_1_144' title='bbox 210 2083 360 2124; x_wconf 89' lang='lat' dir='ltr'><strong>numerum</strong></span> <span class='ocrx_word' id='word_1_145' title='bbox 374 2065 496 2144; x_wconf 84' lang='lat' dir='ltr'><strong>imperat</strong></span> <span class='ocrx_word' id='word_1_146' title='bbox 509 2065 583 2145; x_wconf 87' lang='lat' dir='ltr'><strong>(erat</strong></span> <span class='ocrx_word' id='word_1_147' title='bbox 600 2066 716 2125; x_wconf 90' lang='lat' dir='ltr'><strong>omnino</strong></span> <span class='ocrx_word' id='word_1_148' title='bbox 729 2066 759 2124; x_wconf 95' lang='lat' dir='ltr'><strong>in</strong></span> <span class='ocrx_word' id='word_1_149' title='bbox 773 2065 868 2126; x_wconf 81' lang='lat' dir='ltr'><strong>Gallia</strong></span> <span class='ocrx_word' id='word_1_150' title='bbox 881 2068 1014 2128; x_wconf 89' lang='lat' dir='ltr'><strong>ulteriore</strong></span> <span class='ocrx_word' id='word_1_151' title='bbox 1028 2069 1102 2146; x_wconf 89' lang='lat' dir='ltr'><strong>legio</strong></span> <span class='ocrx_word' id='word_1_152' title='bbox 1115 2070 1206 2148; x_wconf 84' lang='lat' dir='ltr'><strong>uno):</strong></span> <span class='ocrx_word' id='word_1_153' title='bbox 1227 2089 1297 2148; x_wconf 92' lang='lat' dir='ltr'><strong>pou·</strong></span> 
     </span>
     <span class='ocr_line' id='line_1_18' title="bbox 211 2162 1295 2242; baseline 0.005 -21"><span class='ocrx_word' id='word_1_154' title='bbox 211 2168 278 2234; x_wconf 88' lang='lat' dir='ltr'><strong>tem,</strong></span> <span class='ocrx_word' id='word_1_155' title='bbox 299 2162 350 2239; x_wconf 89' lang='lat' dir='ltr'><strong>qui</strong></span> <span class='ocrx_word' id='word_1_156' title='bbox 371 2169 432 2222; x_wconf 89' lang='lat' dir='ltr'><strong>erat</strong></span> <span class='ocrx_word' id='word_1_157' title='bbox 452 2162 488 2221; x_wconf 89' lang='lat' dir='ltr'><strong>ad</strong></span> <span class='ocrx_word' id='word_1_158' title='bbox 511 2162 661 2234; x_wconf 81' lang='lat' dir='ltr'><strong>Generum,</strong></span> <span class='ocrx_word' id='word_1_159' title='bbox 676 2162 761 2240; x_wconf 89' lang='lat' dir='ltr'><strong>jubet</strong></span> <span class='ocrx_word' id='word_1_160' title='bbox 781 2165 910 2224; x_wconf 88' lang='lat' dir='ltr'><strong>rescindi.</strong></span> <span class='ocrx_word' id='word_1_161' title='bbox 953 2165 1013 2224; x_wconf 88' lang='lat' dir='ltr'><strong>Ubi</strong></span> <span class='ocrx_word' id='word_1_162' title='bbox 1037 2165 1072 2224; x_wconf 90' lang='lat' dir='ltr'><strong>de</strong></span> <span class='ocrx_word' id='word_1_163' title='bbox 1089 2167 1151 2242; x_wconf 90' lang='lat' dir='ltr'><strong>ejus</strong></span> <span class='ocrx_word' id='word_1_164' title='bbox 1170 2166 1295 2227; x_wconf 80' lang='lat' dir='ltr'><strong>adventu</strong></span> 
     </span>
     <span class='ocr_line' id='line_1_19' title="bbox 212 2257 1295 2338; baseline 0.006 -21"><span class='ocrx_word' id='word_1_165' title='bbox 212 2257 338 2318; x_wconf 80' lang='lat' dir='ltr'><strong>Helvetii</strong></span> <span class='ocrx_word' id='word_1_166' title='bbox 357 2261 488 2320; x_wconf 86' lang='lat' dir='ltr'><strong>certiores</strong></span> <span class='ocrx_word' id='word_1_167' title='bbox 507 2259 576 2320; x_wconf 83' lang='lat' dir='ltr'><strong>fecti</strong></span> <span class='ocrx_word' id='word_1_168' title='bbox 595 2267 670 2332; x_wconf 87' lang='lat' dir='ltr'><strong>sunt,</strong></span> <span class='ocrx_word' id='word_1_169' title='bbox 691 2263 797 2338; x_wconf 85' lang='lat' dir='ltr'><strong>legatos</strong></span> <span class='ocrx_word' id='word_1_170' title='bbox 815 2262 851 2321; x_wconf 88' lang='lat' dir='ltr'><strong>ad</strong></span> <span class='ocrx_word' id='word_1_171' title='bbox 872 2281 937 2321; x_wconf 90' lang='lat' dir='ltr'><strong>eum</strong></span> <span class='ocrx_word' id='word_1_172' title='bbox 957 2262 1088 2334; x_wconf 89' lang='lat' dir='ltr'><strong>mittunt,</strong></span> <span class='ocrx_word' id='word_1_173' title='bbox 1106 2263 1295 2324; x_wconf 86' lang='lat' dir='ltr'><strong>nobilissimos</strong></span> 
     </span>
     <span class='ocr_line' id='line_1_20' title="bbox 208 2356 1294 2439; baseline 0.006 -25"><span class='ocrx_word' id='word_1_174' title='bbox 208 2356 340 2429; x_wconf 80' lang='lat' dir='ltr'><strong>civitatis,</strong></span> <span class='ocrx_word' id='word_1_175' title='bbox 354 2356 435 2434; x_wconf 88' lang='lat' dir='ltr'><strong>cujus</strong></span> <span class='ocrx_word' id='word_1_176' title='bbox 448 2358 597 2435; x_wconf 86' lang='lat' dir='ltr'><strong>legationis</strong></span> <span class='ocrx_word' id='word_1_177' title='bbox 618 2358 756 2418; x_wconf 83' lang='lat' dir='ltr'><strong>Nameius</strong></span> <span class='ocrx_word' id='word_1_178' title='bbox 776 2365 805 2417; x_wconf 91' lang='lat' dir='ltr'><strong>et</strong></span> <span class='ocrx_word' id='word_1_179' title='bbox 819 2357 1008 2418; x_wconf 75' lang='lat' dir='ltr'><strong>Verucloetius</strong></span> <span class='ocrx_word' id='word_1_180' title='bbox 1028 2359 1186 2439; x_wconf 89' lang='lat' dir='ltr'><strong>principem</strong></span> <span class='ocrx_word' id='word_1_181' title='bbox 1200 2360 1294 2421; x_wconf 91' lang='lat' dir='ltr'><strong>locum</strong></span> 
     </span>
     <span class='ocr_line' id='line_1_21' title="bbox 207 2454 1293 2533; baseline 0.004 -20"><span class='ocrx_word' id='word_1_182' title='bbox 207 2454 383 2525; x_wconf 85' lang='lat' dir='ltr'><strong>obtinebant,</strong></span> <span class='ocrx_word' id='word_1_183' title='bbox 396 2456 447 2533; x_wconf 92' lang='lat' dir='ltr'><strong>qui</strong></span> <span class='ocrx_word' id='word_1_184' title='bbox 461 2455 587 2515; x_wconf 89' lang='lat' dir='ltr'><strong>dicerent</strong></span> <span class='ocrx_word' id='word_1_185' title='bbox 607 2455 686 2514; x_wconf 88' lang='lat' dir='ltr'><strong>“sibi</strong></span> <span class='ocrx_word' id='word_1_186' title='bbox 700 2475 758 2514; x_wconf 82' lang='lat' dir='ltr'><strong>ease</strong></span> <span class='ocrx_word' id='word_1_187' title='bbox 773 2456 805 2514; x_wconf 89' lang='lat' dir='ltr'><strong>iu</strong></span> <span class='ocrx_word' id='word_1_188' title='bbox 818 2456 921 2528; x_wconf 86' lang='lat' dir='ltr'><strong>animo,</strong></span> <span class='ocrx_word' id='word_1_189' title='bbox 934 2457 996 2515; x_wconf 90' lang='lat' dir='ltr'><strong>sine</strong></span> <span class='ocrx_word' id='word_1_190' title='bbox 1009 2455 1070 2515; x_wconf 89' lang='lat' dir='ltr'><strong>ullo</strong></span> <span class='ocrx_word' id='word_1_191' title='bbox 1083 2457 1220 2516; x_wconf 87' lang='lat' dir='ltr'><strong>maleficio</strong></span> <span class='ocrx_word' id='word_1_192' title='bbox 1240 2459 1293 2518; x_wconf 87' lang='lat' dir='ltr'><strong>iter</strong></span> 
     </span>
     <span class='ocr_line' id='line_1_22' title="bbox 207 2551 1295 2632; baseline 0.005 -21"><span class='ocrx_word' id='word_1_193' title='bbox 207 2570 259 2630; x_wconf 90' lang='lat' dir='ltr'><strong>per</strong></span> <span class='ocrx_word' id='word_1_194' title='bbox 271 2551 446 2630; x_wconf 82' lang='lat' dir='ltr'><strong>provinciam</strong></span> <span class='ocrx_word' id='word_1_195' title='bbox 463 2553 561 2626; x_wconf 83' lang='lat' dir='ltr'><strong>lacere,</strong></span> <span class='ocrx_word' id='word_1_196' title='bbox 574 2559 721 2632; x_wconf 88' lang='lat' dir='ltr'><strong>propterea</strong></span> <span class='ocrx_word' id='word_1_197' title='bbox 734 2553 810 2630; x_wconf 91' lang='lat' dir='ltr'><strong>quod</strong></span> <span class='ocrx_word' id='word_1_198' title='bbox 830 2552 909 2612; x_wconf 88' lang='lat' dir='ltr'><strong>aliud</strong></span> <span class='ocrx_word' id='word_1_199' title='bbox 929 2553 985 2612; x_wconf 90' lang='lat' dir='ltr'><strong>iter</strong></span> <span class='ocrx_word' id='word_1_200' title='bbox 1005 2552 1141 2612; x_wconf 88' lang='lat' dir='ltr'><strong>haberent</strong></span> <span class='ocrx_word' id='word_1_201' title='bbox 1161 2554 1295 2616; x_wconf 78' lang='lat' dir='ltr'><strong>uullrmrr</strong></span> 
     </span>
     <span class='ocr_line' id='line_1_23' title="bbox 207 2649 1295 2728; baseline 0.002 -19"><span class='ocrx_word' id='word_1_202' title='bbox 207 2669 312 2728; x_wconf 82' lang='lat' dir='ltr'><strong>rogare,</strong></span> <span class='ocrx_word' id='word_1_203' title='bbox 323 2657 358 2711; x_wconf 91' lang='lat' dir='ltr'><strong>nt</strong></span> <span class='ocrx_word' id='word_1_204' title='bbox 370 2649 430 2728; x_wconf 88' lang='lat' dir='ltr'><strong>ejus</strong></span> <span class='ocrx_word' id='word_1_205' title='bbox 440 2651 588 2711; x_wconf 84' lang='lat' dir='ltr'><strong>voluntate</strong></span> <span class='ocrx_word' id='word_1_206' title='bbox 601 2651 632 2710; x_wconf 91' lang='lat' dir='ltr'><strong>id</strong></span> <span class='ocrx_word' id='word_1_207' title='bbox 645 2651 701 2711; x_wconf 91' lang='lat' dir='ltr'><strong>sibi</strong></span> <span class='ocrx_word' id='word_1_208' title='bbox 713 2651 803 2710; x_wconf 81' lang='lat' dir='ltr'><strong>lacere</strong></span> <span class='ocrx_word' id='word_1_209' title='bbox 815 2651 925 2710; x_wconf 89' lang='lat' dir='ltr'><strong>liceat.”</strong></span> <span class='ocrx_word' id='word_1_210' title='bbox 955 2650 1058 2723; x_wconf 79' lang='lat' dir='ltr'><strong>Goesar,</strong></span> <span class='ocrx_word' id='word_1_211' title='bbox 1069 2651 1146 2728; x_wconf 93' lang='lat' dir='ltr'><strong>quod</strong></span> <span class='ocrx_word' id='word_1_212' title='bbox 1159 2652 1295 2711; x_wconf 89' lang='lat' dir='ltr'><strong>memoria</strong></span> 
     </span>
     <span class='ocr_line' id='line_1_24' title="bbox 207 2747 1295 2826; baseline 0 -18"><span class='ocrx_word' id='word_1_213' title='bbox 207 2747 330 2817; x_wconf 88' lang='lat' dir='ltr'><strong>tenebat,</strong></span> <span class='ocrx_word' id='word_1_214' title='bbox 350 2748 382 2807; x_wconf 78' lang='lat' dir='ltr'><strong>Is.</strong></span> <span class='ocrx_word' id='word_1_215' title='bbox 397 2747 525 2809; x_wconf 81' lang='lat' dir='ltr'><strong>Gnosium</strong></span> <span class='ocrx_word' id='word_1_216' title='bbox 546 2750 689 2809; x_wconf 85' lang='lat' dir='ltr'><strong>consulem</strong></span> <span class='ocrx_word' id='word_1_217' title='bbox 709 2750 840 2822; x_wconf 86' lang='lat' dir='ltr'><strong>occisum,</strong></span> <span class='ocrx_word' id='word_1_218' title='bbox 854 2749 1068 2826; x_wconf 85' lang='lat' dir='ltr'><strong>exercitumque</strong></span> <span class='ocrx_word' id='word_1_219' title='bbox 1088 2749 1149 2826; x_wconf 81' lang='lat' dir='ltr'><strong>ejus</strong></span> <span class='ocrx_word' id='word_1_220' title='bbox 1169 2749 1206 2808; x_wconf 91' lang='lat' dir='ltr'><strong>ab</strong></span> <span class='ocrx_word' id='word_1_221' title='bbox 1226 2749 1295 2809; x_wconf 88' lang='lat' dir='ltr'><strong>Hel-</strong></span> 
     </span>
     <span class='ocr_line' id='line_1_25' title="bbox 206 2845 1293 2926; baseline 0.001 -21"><span class='ocrx_word' id='word_1_222' title='bbox 206 2845 290 2904; x_wconf 84' lang='lat' dir='ltr'><strong>vetiis</strong></span> <span class='ocrx_word' id='word_1_223' title='bbox 310 2845 424 2924; x_wconf 87' lang='lat' dir='ltr'><strong>pulsum</strong></span> <span class='ocrx_word' id='word_1_224' title='bbox 445 2853 474 2906; x_wconf 89' lang='lat' dir='ltr'><strong>et</strong></span> <span class='ocrx_word' id='word_1_225' title='bbox 494 2845 669 2925; x_wconf 90' lang='lat' dir='ltr'><strong>subjugum</strong></span> <span class='ocrx_word' id='word_1_226' title='bbox 692 2847 819 2917; x_wconf 86' lang='lat' dir='ltr'><strong>missum,</strong></span> <span class='ocrx_word' id='word_1_227' title='bbox 840 2847 1049 2906; x_wconf 89' lang='lat' dir='ltr'><strong>concedendum</strong></span> <span class='ocrx_word' id='word_1_228' title='bbox 1071 2866 1129 2906; x_wconf 92' lang='lat' dir='ltr'><strong>uon</strong></span> <span class='ocrx_word' id='word_1_229' title='bbox 1152 2847 1293 2926; x_wconf 88' lang='lat' dir='ltr'><strong>putabat:</strong></span> 
     </span>
     <span class='ocr_line' id='line_1_26' title="bbox 208 2942 1293 3024; baseline 0.003 -23"><span class='ocrx_word' id='word_1_230' title='bbox 208 2961 299 3020; x_wconf 89' lang='lat' dir='ltr'><strong>neque</strong></span> <span class='ocrx_word' id='word_1_231' title='bbox 312 2942 439 3002; x_wconf 84' lang='lat' dir='ltr'><strong>homiues</strong></span> <span class='ocrx_word' id='word_1_232' title='bbox 453 2943 567 3002; x_wconf 79' lang='lat' dir='ltr'><strong>inirmco</strong></span> <span class='ocrx_word' id='word_1_233' title='bbox 580 2945 684 3017; x_wconf 88' lang='lat' dir='ltr'><strong>animo,</strong></span> <span class='ocrx_word' id='word_1_234' title='bbox 698 2944 766 3004; x_wconf 83' lang='lat' dir='ltr'><strong>data</strong></span> <span class='ocrx_word' id='word_1_235' title='bbox 778 2944 915 3004; x_wconf 83' lang='lat' dir='ltr'><strong>facultate</strong></span> <span class='ocrx_word' id='word_1_236' title='bbox 928 2963 978 3023; x_wconf 91' lang='lat' dir='ltr'><strong>per</strong></span> <span class='ocrx_word' id='word_1_237' title='bbox 991 2945 1167 3024; x_wconf 80' lang='lat' dir='ltr'><strong>provinciam</strong></span> <span class='ocrx_word' id='word_1_238' title='bbox 1181 2945 1293 3004; x_wconf 85' lang='lat' dir='ltr'><strong>itineris</strong></span> 
     </span>
     <span class='ocr_line' id='line_1_27' title="bbox 204 3039 1292 3119; baseline 0.003 -21"><span class='ocrx_word' id='word_1_239' title='bbox 204 3039 340 3111; x_wconf 84' lang='lat' dir='ltr'><strong>faciundi,</strong></span> <span class='ocrx_word' id='word_1_240' title='bbox 354 3047 557 3119; x_wconf 87' lang='lat' dir='ltr'><strong>temperaturos</strong></span> <span class='ocrx_word' id='word_1_241' title='bbox 570 3040 607 3100; x_wconf 90' lang='lat' dir='ltr'><strong>ab</strong></span> <span class='ocrx_word' id='word_1_242' title='bbox 620 3039 726 3117; x_wconf 87' lang='lat' dir='ltr'><strong>injuria</strong></span> <span class='ocrx_word' id='word_1_243' title='bbox 743 3047 773 3100; x_wconf 89' lang='lat' dir='ltr'><strong>et</strong></span> <span class='ocrx_word' id='word_1_244' title='bbox 792 3041 930 3100; x_wconf 84' lang='lat' dir='ltr'><strong>maleficio</strong></span> <span class='ocrx_word' id='word_1_245' title='bbox 943 3041 1135 3101; x_wconf 84' lang='lat' dir='ltr'><strong>existimabat.</strong></span> <span class='ocrx_word' id='word_1_246' title='bbox 1178 3040 1292 3114; x_wconf 76' lang='lat' dir='ltr'><strong>Tamen,</strong></span> 
     </span>
     <span class='ocr_line' id='line_1_28' title="bbox 206 3136 1293 3216; baseline 0.004 -22"><span class='ocrx_word' id='word_1_247' title='bbox 206 3141 240 3194; x_wconf 90' lang='lat' dir='ltr'><strong>ut</strong></span> <span class='ocrx_word' id='word_1_248' title='bbox 260 3137 385 3214; x_wconf 85' lang='lat' dir='ltr'><strong>spatium</strong></span> <span class='ocrx_word' id='word_1_249' title='bbox 406 3136 579 3197; x_wconf 80' lang='lat' dir='ltr'><strong>intercedere</strong></span> <span class='ocrx_word' id='word_1_250' title='bbox 598 3143 698 3216; x_wconf 86' lang='lat' dir='ltr'><strong>posset,</strong></span> <span class='ocrx_word' id='word_1_251' title='bbox 712 3138 782 3196; x_wconf 93' lang='lat' dir='ltr'><strong>dum</strong></span> <span class='ocrx_word' id='word_1_252' title='bbox 799 3138 916 3210; x_wconf 83' lang='lat' dir='ltr'><strong>milites,</strong></span> <span class='ocrx_word' id='word_1_253' title='bbox 930 3155 1000 3215; x_wconf 88' lang='lat' dir='ltr'><strong>quos</strong></span> <span class='ocrx_word' id='word_1_254' title='bbox 1014 3137 1211 3216; x_wconf 82' lang='lat' dir='ltr'><strong>imperaverat,</strong></span> <span class='ocrx_word' id='word_1_255' title='bbox 1225 3158 1293 3198; x_wconf 90' lang='lat' dir='ltr'><strong>con-</strong></span> 
     </span>
     <span class='ocr_line' id='line_1_29' title="bbox 206 3233 1293 3313; baseline 0.004 -22"><span class='ocrx_word' id='word_1_256' title='bbox 206 3233 343 3303; x_wconf 79' lang='lat' dir='ltr'><strong>venirent,</strong></span> <span class='ocrx_word' id='word_1_257' title='bbox 357 3235 457 3312; x_wconf 87' lang='lat' dir='ltr'><strong>legatis</strong></span> <span class='ocrx_word' id='word_1_258' title='bbox 467 3235 623 3313; x_wconf 86' lang='lat' dir='ltr'><strong>respondit,</strong></span> <span class='ocrx_word' id='word_1_259' title='bbox 637 3235 737 3294; x_wconf 88' lang='lat' dir='ltr'><strong>“diem</strong></span> <span class='ocrx_word' id='word_1_260' title='bbox 752 3254 781 3294; x_wconf 87' lang='lat' dir='ltr'><strong>se</strong></span> <span class='ocrx_word' id='word_1_261' title='bbox 793 3235 830 3294; x_wconf 86' lang='lat' dir='ltr'><strong>ad</strong></span> <span class='ocrx_word' id='word_1_262' title='bbox 838 3235 1052 3295; x_wconf 86' lang='lat' dir='ltr'><strong>deliberandum</strong></span> <span class='ocrx_word' id='word_1_263' title='bbox 1066 3243 1248 3311; x_wconf 81' lang='lat' dir='ltr'><strong>sumturum3</strong></span> <span class='ocrx_word' id='word_1_264' title='bbox 1268 3235 1293 3295; x_wconf 88' lang='lat' dir='ltr'><strong>si</strong></span> 
     </span>
     <span class='ocr_line' id='line_1_30' title="bbox 204 3328 899 3410; baseline 0.003 -22"><span class='ocrx_word' id='word_1_265' title='bbox 204 3328 275 3408; x_wconf 89' lang='lat' dir='ltr'><strong>quid</strong></span> <span class='ocrx_word' id='word_1_266' title='bbox 287 3331 400 3405; x_wconf 86' lang='lat' dir='ltr'><strong>vellent,</strong></span> <span class='ocrx_word' id='word_1_267' title='bbox 414 3351 439 3390; x_wconf 88' lang='lat' dir='ltr'><strong>a.</strong></span> <span class='ocrx_word' id='word_1_268' title='bbox 454 3331 481 3391; x_wconf 90' lang='lat' dir='ltr'><strong>d.</strong></span> <span class='ocrx_word' id='word_1_269' title='bbox 496 3331 567 3392; x_wconf 91' lang='lat' dir='ltr'><strong>Idus</strong></span> <span class='ocrx_word' id='word_1_270' title='bbox 581 3330 651 3410; x_wconf 85' lang='lat' dir='ltr'><strong>Apr.</strong></span> <span class='ocrx_word' id='word_1_271' title='bbox 665 3333 899 3392; x_wconf 83' lang='lat' dir='ltr'><strong>reverterentur.’&#39;</strong></span> 
     </span>
    </p>

    <p class='ocr_par' dir='ltr' id='par_1_5' title="bbox 199 3425 1291 4480">
     <span class='ocr_line' id='line_1_31' title="bbox 244 3425 1291 3508; baseline 0.003 -23"><span class='ocrx_word' id='word_1_272' title='bbox 244 3425 331 3486; x_wconf 85' lang='lat' dir='ltr'>VIII.</span> <span class='ocrx_word' id='word_1_273' title='bbox 353 3429 465 3488; x_wconf 87' lang='lat' dir='ltr'><strong>Interea</strong></span> <span class='ocrx_word' id='word_1_274' title='bbox 487 3449 520 3490; x_wconf 88' lang='lat' dir='ltr'><strong>ee</strong></span> <span class='ocrx_word' id='word_1_275' title='bbox 545 3430 665 3508; x_wconf 86' lang='lat' dir='ltr'><strong>legione,</strong></span> <span class='ocrx_word' id='word_1_276' title='bbox 692 3448 779 3508; x_wconf 87' lang='lat' dir='ltr'><strong>quam</strong></span> <span class='ocrx_word' id='word_1_277' title='bbox 807 3449 902 3489; x_wconf 90' lang='lat' dir='ltr'><strong>seeum</strong></span> <span class='ocrx_word' id='word_1_278' title='bbox 927 3429 1060 3500; x_wconf 73' lang='lat' dir='ltr'><strong>habebnt,</strong></span> <span class='ocrx_word' id='word_1_279' title='bbox 1083 3429 1291 3506; x_wconf 84' lang='lat' dir='ltr'><strong>militibusque,</strong></span> 
     </span>
     <span class='ocr_line' id='line_1_32' title="bbox 203 3523 1290 3603; baseline 0.002 -21"><span class='ocrx_word' id='word_1_280' title='bbox 203 3523 304 3600; x_wconf 88' lang='lat' dir='ltr'><strong>quiex</strong></span> <span class='ocrx_word' id='word_1_281' title='bbox 318 3526 464 3602; x_wconf 83' lang='lat' dir='ltr'><strong>provincia</strong></span> <span class='ocrx_word' id='word_1_282' title='bbox 476 3533 672 3597; x_wconf 69' lang='lat' dir='ltr'><strong>convenerant,</strong></span> <span class='ocrx_word' id='word_1_283' title='bbox 686 3547 704 3586; x_wconf 94' lang='lat' dir='ltr'><strong>a</strong></span> <span class='ocrx_word' id='word_1_284' title='bbox 723 3527 787 3586; x_wconf 88' lang='lat' dir='ltr'><strong>lacu</strong></span> <span class='ocrx_word' id='word_1_285' title='bbox 807 3525 958 3596; x_wconf 84' lang='lat' dir='ltr'><strong>Lemanno,</strong></span> <span class='ocrx_word' id='word_1_286' title='bbox 972 3527 1022 3603; x_wconf 93' lang='lat' dir='ltr'><strong>qui</strong></span> <span class='ocrx_word' id='word_1_287' title='bbox 1040 3526 1071 3584; x_wconf 92' lang='lat' dir='ltr'><strong>in</strong></span> <span class='ocrx_word' id='word_1_288' title='bbox 1089 3525 1196 3585; x_wconf 90' lang='lat' dir='ltr'><strong>flumen</strong></span> <span class='ocrx_word' id='word_1_289' title='bbox 1213 3525 1290 3584; x_wconf 87' lang='lat' dir='ltr'><strong>Rbo-</strong></span> 
     </span>
     <span class='ocr_line' id='line_1_33' title="bbox 202 3620 1290 3702; baseline 0.003 -23"><span class='ocrx_word' id='word_1_290' title='bbox 202 3620 308 3680; x_wconf 84' lang='lat' dir='ltr'><strong>danum</strong></span> <span class='ocrx_word' id='word_1_291' title='bbox 322 3622 428 3693; x_wconf 89' lang='lat' dir='ltr'><strong>influit,</strong></span> <span class='ocrx_word' id='word_1_292' title='bbox 439 3623 476 3683; x_wconf 88' lang='lat' dir='ltr'><strong>ad</strong></span> <span class='ocrx_word' id='word_1_293' title='bbox 489 3631 613 3683; x_wconf 88' lang='lat' dir='ltr'><strong>montem</strong></span> <span class='ocrx_word' id='word_1_294' title='bbox 626 3623 647 3682; x_wconf 89' lang='lat' dir='ltr'><strong>J</strong></span> <span class='ocrx_word' id='word_1_295' title='bbox 648 3643 737 3696; x_wconf 85' lang='lat' dir='ltr'><strong>uram,</strong></span> <span class='ocrx_word' id='word_1_296' title='bbox 748 3623 799 3701; x_wconf 90' lang='lat' dir='ltr'><strong>qui</strong></span> <span class='ocrx_word' id='word_1_297' title='bbox 809 3624 882 3683; x_wconf 79' lang='lat' dir='ltr'><strong>‘fines</strong></span> <span class='ocrx_word' id='word_1_298' title='bbox 893 3623 1087 3702; x_wconf 81' lang='lat' dir='ltr'><strong>Sequanorum</strong></span> <span class='ocrx_word' id='word_1_299' title='bbox 1101 3622 1137 3682; x_wconf 83' lang='lat' dir='ltr'><strong>ab</strong></span> <span class='ocrx_word' id='word_1_300' title='bbox 1148 3622 1290 3683; x_wconf 80' lang='lat' dir='ltr'><strong>Helvetiis</strong></span> 
     </span>
     <span class='ocr_line' id='line_1_34' title="bbox 202 3717 1289 3799; baseline 0.004 -23"><span class='ocrx_word' id='word_1_301' title='bbox 202 3717 314 3792; x_wconf 81' lang='lat' dir='ltr'><strong>dividit,</strong></span> <span class='ocrx_word' id='word_1_302' title='bbox 328 3719 421 3780; x_wconf 88' lang='lat' dir='ltr'><strong>millia</strong></span> <span class='ocrx_word' id='word_1_303' title='bbox 433 3739 566 3799; x_wconf 84' lang='lat' dir='ltr'><strong>passuum</strong></span> <span class='ocrx_word' id='word_1_304' title='bbox 580 3721 675 3780; x_wconf 88' lang='lat' dir='ltr'><strong>decem</strong></span> <span class='ocrx_word' id='word_1_305' title='bbox 689 3741 790 3780; x_wconf 89' lang='lat' dir='ltr'><strong>norem</strong></span> <span class='ocrx_word' id='word_1_306' title='bbox 803 3739 926 3794; x_wconf 89' lang='lat' dir='ltr'><strong>murum,</strong></span> <span class='ocrx_word' id='word_1_307' title='bbox 940 3722 971 3780; x_wconf 90' lang='lat' dir='ltr'><strong>in</strong></span> <span class='ocrx_word' id='word_1_308' title='bbox 985 3719 1170 3781; x_wconf 84' lang='lat' dir='ltr'><strong>altitudinem</strong></span> <span class='ocrx_word' id='word_1_309' title='bbox 1183 3720 1289 3798; x_wconf 87' lang='lat' dir='ltr'><strong>pedum</strong></span> 
     </span>
     <span class='ocr_line' id='line_1_35' title="bbox 201 3814 1289 3908; baseline 0.005 -35"><span class='ocrx_word' id='word_1_310' title='bbox 201 3814 330 3890; x_wconf 89' lang='lat' dir='ltr'><strong>sedecim,</strong></span> <span class='ocrx_word' id='word_1_311' title='bbox 342 3817 501 3896; x_wconf 79' lang='lat' dir='ltr'><strong>fossamque</strong></span> <span class='ocrx_word' id='word_1_312' title='bbox 513 3818 652 3897; x_wconf 79' lang='lat' dir='ltr'><strong>perducit</strong></span> <span class='ocrx_word' id='word_1_313' title='bbox 694 3817 736 3878; x_wconf 78' lang='lat' dir='ltr'><strong>m&gt;</strong></span> <span class='ocrx_word' id='word_1_314' title='bbox 755 3837 838 3898; x_wconf 90' lang='lat' dir='ltr'><strong>opere</strong></span> <span class='ocrx_word' id='word_1_315' title='bbox 857 3818 989 3897; x_wconf 83' lang='lat' dir='ltr'><strong>perlecto,</strong></span> <span class='ocrx_word' id='word_1_316' title='bbox 1003 3817 1135 3897; x_wconf 73' lang='lat' dir='ltr'><strong>presidia</strong></span> <span class='ocrx_word' id='word_1_317' title='bbox 1154 3817 1289 3908; x_wconf 60' lang='lat' dir='ltr'><strong>disponit,</strong></span> 
     </span>
     <span class='ocr_line' id='line_1_36' title="bbox 201 3913 1288 3994; baseline 0.004 -24"><span class='ocrx_word' id='word_1_318' title='bbox 201 3913 314 3972; x_wconf 85' lang='lat' dir='ltr'><strong>castella</strong></span> <span class='ocrx_word' id='word_1_319' title='bbox 327 3915 492 3989; x_wconf 87' lang='lat' dir='ltr'><strong>communit,</strong></span> <span class='ocrx_word' id='word_1_320' title='bbox 505 3935 563 3994; x_wconf 91' lang='lat' dir='ltr'><strong>quo</strong></span> <span class='ocrx_word' id='word_1_321' title='bbox 575 3915 695 3988; x_wconf 85' lang='lat' dir='ltr'><strong>facilius,</strong></span> <span class='ocrx_word' id='word_1_322' title='bbox 709 3915 733 3974; x_wconf 89' lang='lat' dir='ltr'><strong>ei</strong></span> <span class='ocrx_word' id='word_1_323' title='bbox 747 3935 777 3974; x_wconf 91' lang='lat' dir='ltr'><strong>se</strong></span> <span class='ocrx_word' id='word_1_324' title='bbox 790 3915 882 3974; x_wconf 83' lang='lat' dir='ltr'><strong>inrito</strong></span> <span class='ocrx_word' id='word_1_325' title='bbox 896 3915 1017 3976; x_wconf 82' lang='lat' dir='ltr'><strong>transire</strong></span> <span class='ocrx_word' id='word_1_326' title='bbox 1030 3921 1210 3987; x_wconf 84' lang='lat' dir='ltr'><strong>conarentur,</strong></span> <span class='ocrx_word' id='word_1_327' title='bbox 1221 3933 1288 3994; x_wconf 90' lang='lat' dir='ltr'><strong>pro-</strong></span> 
     </span>
     <span class='ocr_line' id='line_1_37' title="bbox 200 4007 1288 4092; baseline 0.004 -25"><span class='ocrx_word' id='word_1_328' title='bbox 200 4007 298 4068; x_wconf 87' lang='lat' dir='ltr'><strong>hibere</strong></span> <span class='ocrx_word' id='word_1_329' title='bbox 311 4012 407 4090; x_wconf 79' lang='lat' dir='ltr'><strong>possit</strong></span> <span class='ocrx_word' id='word_1_330' title='bbox 449 4013 509 4073; x_wconf 90' lang='lat' dir='ltr'><strong>Ubi</strong></span> <span class='ocrx_word' id='word_1_331' title='bbox 523 4033 556 4074; x_wconf 88' lang='lat' dir='ltr'><strong>ee</strong></span> <span class='ocrx_word' id='word_1_332' title='bbox 570 4013 638 4086; x_wconf 90' lang='lat' dir='ltr'><strong>dies,</strong></span> <span class='ocrx_word' id='word_1_333' title='bbox 651 4031 738 4090; x_wconf 84' lang='lat' dir='ltr'><strong>quam</strong></span> <span class='ocrx_word' id='word_1_334' title='bbox 756 4012 941 4072; x_wconf 82' lang='lat' dir='ltr'><strong>constituerat</strong></span> <span class='ocrx_word' id='word_1_335' title='bbox 955 4031 1021 4074; x_wconf 90' lang='lat' dir='ltr'><strong>cum</strong></span> <span class='ocrx_word' id='word_1_336' title='bbox 1034 4013 1144 4092; x_wconf 85' lang='lat' dir='ltr'><strong>legatie,</strong></span> <span class='ocrx_word' id='word_1_337' title='bbox 1157 4013 1245 4086; x_wconf 83' lang='lat' dir='ltr'><strong>veuit,</strong></span> <span class='ocrx_word' id='word_1_338' title='bbox 1259 4025 1288 4072; x_wconf 85' lang='lat' dir='ltr'><strong>et</strong></span> 
     </span>
     <span class='ocr_line' id='line_1_38' title="bbox 200 4107 1287 4189; baseline 0.005 -24"><span class='ocrx_word' id='word_1_339' title='bbox 200 4107 288 4184; x_wconf 88' lang='lat' dir='ltr'><strong>legati</strong></span> <span class='ocrx_word' id='word_1_340' title='bbox 299 4107 336 4167; x_wconf 88' lang='lat' dir='ltr'><strong>ad</strong></span> <span class='ocrx_word' id='word_1_341' title='bbox 345 4128 410 4168; x_wconf 88' lang='lat' dir='ltr'><strong>enm</strong></span> <span class='ocrx_word' id='word_1_342' title='bbox 419 4117 604 4183; x_wconf 83' lang='lat' dir='ltr'><strong>reverterunt,</strong></span> <span class='ocrx_word' id='word_1_343' title='bbox 614 4117 707 4189; x_wconf 87' lang='lat' dir='ltr'><strong>negat,</strong></span> <span class='ocrx_word' id='word_1_344' title='bbox 723 4115 740 4144; x_wconf 87' lang='lat'><strong><em>“</em></strong></span> <span class='ocrx_word' id='word_1_345' title='bbox 748 4129 777 4169; x_wconf 85' lang='lat' dir='ltr'><strong>se</strong></span> <span class='ocrx_word' id='word_1_346' title='bbox 786 4116 902 4169; x_wconf 86' lang='lat' dir='ltr'><strong>moreat</strong></span> <span class='ocrx_word' id='word_1_347' title='bbox 915 4110 1045 4188; x_wconf 84' lang='lat' dir='ltr'><strong>exemplo</strong></span> <span class='ocrx_word' id='word_1_348' title='bbox 1055 4109 1154 4189; x_wconf 91' lang='lat' dir='ltr'><strong>populi</strong></span> <span class='ocrx_word' id='word_1_349' title='bbox 1165 4109 1287 4170; x_wconf 84' lang='lat' dir='ltr'><strong>Romani</strong></span> 
     </span>
     <span class='ocr_line' id='line_1_39' title="bbox 200 4205 1289 4286; baseline 0.004 -24"><span class='ocrx_word' id='word_1_350' title='bbox 200 4221 280 4282; x_wconf 87' lang='lat' dir='ltr'><strong>posse</strong></span> <span class='ocrx_word' id='word_1_351' title='bbox 293 4205 349 4264; x_wconf 85' lang='lat' dir='ltr'><strong>iter</strong></span> <span class='ocrx_word' id='word_1_352' title='bbox 362 4205 416 4266; x_wconf 86' lang='lat' dir='ltr'><strong>ulli</strong></span> <span class='ocrx_word' id='word_1_353' title='bbox 430 4225 480 4286; x_wconf 87' lang='lat' dir='ltr'><strong>per</strong></span> <span class='ocrx_word' id='word_1_354' title='bbox 489 4207 664 4286; x_wconf 80' lang='lat' dir='ltr'><strong>provinciam</strong></span> <span class='ocrx_word' id='word_1_355' title='bbox 675 4208 741 4267; x_wconf 88' lang='lat' dir='ltr'><strong>dare</strong></span> <span class='ocrx_word' id='word_1_356' title='bbox 750 4228 761 4281; x_wconf 81' lang='lat'>3</span> <span class='ocrx_word' id='word_1_357' title='bbox 781 4213 818 4281; x_wconf 90' lang='lat' dir='ltr'><strong>st,</strong></span> <span class='ocrx_word' id='word_1_358' title='bbox 828 4207 853 4266; x_wconf 90' lang='lat' dir='ltr'><strong>si</strong></span> <span class='ocrx_word' id='word_1_359' title='bbox 863 4207 923 4266; x_wconf 83' lang='lat' dir='ltr'><strong>vim</strong></span> <span class='ocrx_word' id='word_1_360' title='bbox 935 4207 1025 4267; x_wconf 82' lang='lat' dir='ltr'><strong>iecere</strong></span> <span class='ocrx_word' id='word_1_361' title='bbox 1035 4214 1181 4276; x_wconf 85' lang='lat' dir='ltr'><strong>conentur,</strong></span> <span class='ocrx_word' id='word_1_362' title='bbox 1192 4206 1289 4286; x_wconf 90' lang='lat' dir='ltr'><strong>prohi-</strong></span> 
     </span>
     <span class='ocr_line' id='line_1_40' title="bbox 200 4301 1289 4384; baseline 0.005 -25"><span class='ocrx_word' id='word_1_363' title='bbox 200 4301 491 4363; x_wconf 77' lang='lat' dir='ltr'><strong>biturum”ostendit</strong></span> <span class='ocrx_word' id='word_1_364' title='bbox 514 4304 1113 4384; x_wconf 84' lang='lat' dir='ltr'><strong>Helvetii,eespedejecti,navibusjunctis</strong></span> <span class='ocrx_word' id='word_1_365' title='bbox 1121 4305 1289 4382; x_wconf 89' lang='lat' dir='ltr'><strong>ratibusque</strong></span> 
     </span>
     <span class='ocr_line' id='line_1_41' title="bbox 199 4399 1289 4480; baseline 0.002 -22"><span class='ocrx_word' id='word_1_366' title='bbox 199 4399 393 4478; x_wconf 84' lang='lat' dir='ltr'><strong>compluribus</strong></span> <span class='ocrx_word' id='word_1_367' title='bbox 406 4400 496 4473; x_wconf 66' lang='lat' dir='ltr'><strong>botis</strong></span> <span class='ocrx_word' id='word_1_368' title='bbox 511 4401 561 4462; x_wconf 84' lang='lat' dir='ltr'><strong>alii</strong></span> <span class='ocrx_word' id='word_1_369' title='bbox 575 4402 655 4463; x_wconf 83' lang='lat' dir='ltr'><strong>radis</strong></span> <span class='ocrx_word' id='word_1_370' title='bbox 668 4401 880 4480; x_wconf 68' lang='lat' dir='ltr'><strong>Rhodanique</strong></span> <span class='ocrx_word' id='word_1_371' title='bbox 892 4402 1013 4464; x_wconf 87' lang='lat' dir='ltr'><strong>minima</strong></span> <span class='ocrx_word' id='word_1_372' title='bbox 1024 4402 1147 4463; x_wconf 84' lang='lat' dir='ltr'><strong>altitudo</strong></span> <span class='ocrx_word' id='word_1_373' title='bbox 1161 4401 1289 4462; x_wconf 89' lang='lat' dir='ltr'><strong>fluminis</strong></span> 
     </span>
    </p>
   </div>
   <div class='ocr_carea' id='block_1_4' title="bbox 0 0 1618 5088">
    <p class='ocr_par' dir='ltr' id='par_1_6' title="bbox 0 0 1618 5088">
     <span class='ocr_line' id='line_1_42' title="bbox 0 0 1618 5088; baseline 0 2"><span class='ocrx_word' id='word_1_374' title='bbox 0 0 1618 5088; x_wconf 95' lang='lat' dir='ltr'><strong> </strong></span> 
     </span>
    </p>
   </div>
  </div>
 </body>
</html>
