<?xml version="1.0" encoding="UTF-8"?>
<!DOCTYPE html PUBLIC "-//W3C//DTD XHTML 1.0 Transitional//EN"
    "http://www.w3.org/TR/xhtml1/DTD/xhtml1-transitional.dtd">
<html xmlns="http://www.w3.org/1999/xhtml" xml:lang="en" lang="en">
 <head>
  <title>
</title>
<meta http-equiv="Content-Type" content="text/html;charset=utf-8" />
  <meta name='ocr-system' content='tesseract 3.04.00' />
  <meta name='ocr-capabilities' content='ocr_page ocr_carea ocr_par ocr_line ocrx_word'/>
</head>
<body>
  <div class='ocr_page' id='page_1' title='image "./germaniatacitus01lathgoog_0387.png"; bbox 0 0 3158 5122; ppageno 0'>
   <div class='ocr_carea' id='block_1_1' title="bbox 316 399 1128 470">
    <p class='ocr_par' dir='ltr' id='par_1_1' title="bbox 316 399 1128 470">
     <span class='ocr_line' id='line_1_1' title="bbox 316 399 1128 470; baseline 0.001 -2"><span class='ocrx_word' id='word_1_1' title='bbox 316 399 377 468; x_wconf 84' lang='lat' dir='ltr'>viii</span> <span class='ocrx_word' id='word_1_2' title='bbox 584 414 660 468; x_wconf 79' lang='lat' dir='ltr'>unu</span> <span class='ocrx_word' id='word_1_3' title='bbox 684 412 864 468; x_wconf 77' lang='lat' dir='ltr'><strong>susurru</strong></span> <span class='ocrx_word' id='word_1_4' title='bbox 891 413 939 468; x_wconf 84' lang='lat' dir='ltr'><strong>or</strong></span> <span class='ocrx_word' id='word_1_5' title='bbox 962 413 1128 470; x_wconf 79' lang='lat' dir='ltr'><strong>rrcrrus.</strong></span> 
     </span>
    </p>
   </div>
   <div class='ocr_carea' id='block_1_2' title="bbox 314 565 1427 2408">
    <p class='ocr_par' dir='ltr' id='par_1_2' title="bbox 314 565 1427 862">
     <span class='ocr_line' id='line_1_2' title="bbox 362 565 1427 654; baseline -0.001 -20"><span class='ocrx_word' id='word_1_6' title='bbox 362 576 410 638; x_wconf 87' lang='lat'>19.</span> <span class='ocrx_word' id='word_1_7' title='bbox 434 565 515 633; x_wconf 73' lang='grc' dir='ltr'>’Ὑπὸ</span> <span class='ocrx_word' id='word_1_8' title='bbox 540 566 576 632; x_wconf 81' lang='grc' dir='ltr'>δὲ</span> <span class='ocrx_word' id='word_1_9' title='bbox 599 567 675 638; x_wconf 86' lang='grc' dir='ltr'>τοῦς</span> <span class='ocrx_word' id='word_1_10' title='bbox 699 567 859 650; x_wconf 58' lang='lat' dir='ltr'><strong>snmus</strong></span> <span class='ocrx_word' id='word_1_11' title='bbox 880 567 1092 640; x_wconf 76' lang='grc' dir='ltr'>Καλοῦκωνες</span> <span class='ocrx_word' id='word_1_12' title='bbox 1117 566 1168 653; x_wconf 80' lang='grc' dir='ltr'>ἐφ’</span> <span class='ocrx_word' id='word_1_13' title='bbox 1186 567 1328 654; x_wconf 76' lang='grc' dir='ltr'>ἑκάτερα</span> <span class='ocrx_word' id='word_1_14' title='bbox 1354 568 1427 634; x_wconf 80' lang='grc' dir='ltr'>τοῦ</span> 
     </span>
     <span class='ocr_line' id='line_1_3' title="bbox 314 668 1424 760; baseline 0 -24"><span class='ocrx_word' id='word_1_15' title='bbox 314 670 441 742; x_wconf 71' lang='grc' dir='ltr'>Ἄλὸιος</span> <span class='ocrx_word' id='word_1_16' title='bbox 466 670 628 753; x_wconf 88' lang='grc' dir='ltr'>ποταμοῦ,</span> <span class='ocrx_word' id='word_1_17' title='bbox 656 668 710 755; x_wconf 96' lang='lat' dir='ltr'><em>W</em></span> <span class='ocrx_word' id='word_1_18' title='bbox 736 670 791 742; x_wconf 84' lang='grc' dir='ltr'>οῦς</span> <span class='ocrx_word' id='word_1_19' title='bbox 817 668 1021 758; x_wconf 75' lang='grc' dir='ltr'>Χαιρουσκοὶ</span> <span class='ocrx_word' id='word_1_20' title='bbox 1048 669 1104 736; x_wconf 80' lang='grc' dir='ltr'>καὶ</span> <span class='ocrx_word' id='word_1_21' title='bbox 1132 670 1285 753; x_wconf 82' lang='grc' dir='ltr'>Χαμαυοὶ</span> <span class='ocrx_word' id='word_1_22' title='bbox 1306 670 1424 760; x_wconf 80' lang='grc' dir='ltr'>μέχρι</span> 
     </span>
     <span class='ocr_line' id='line_1_4' title="bbox 318 771 703 862; baseline -0.008 -22"><span class='ocrx_word' id='word_1_23' title='bbox 318 779 378 840; x_wconf 85' lang='grc' dir='ltr'>τοῦ</span> <span class='ocrx_word' id='word_1_24' title='bbox 393 771 585 854; x_wconf 75' lang='grc' dir='ltr'>Μηλιῦόκου</span> <span class='ocrx_word' id='word_1_25' title='bbox 599 775 703 862; x_wconf 71' lang='grc' dir='ltr'>ὄρους.</span> 
     </span>
    </p>

    <p class='ocr_par' dir='ltr' id='par_1_3' title="bbox 316 875 1421 1272">
     <span class='ocr_line' id='line_1_5' title="bbox 361 875 1417 964; baseline 0.002 -22"><span class='ocrx_word' id='word_1_26' title='bbox 361 884 413 943; x_wconf 83' lang='grc'>20.</span> <span class='ocrx_word' id='word_1_27' title='bbox 430 875 495 942; x_wconf 88' lang='grc' dir='ltr'>Ὧν</span> <span class='ocrx_word' id='word_1_28' title='bbox 519 876 602 964; x_wconf 87' lang='grc' dir='ltr'>πρὸς</span> <span class='ocrx_word' id='word_1_29' title='bbox 624 875 790 948; x_wconf 70' lang='grc' dir='ltr'>ἀνατολὰς</span> <span class='ocrx_word' id='word_1_30' title='bbox 806 876 884 964; x_wconf 81' lang='grc' dir='ltr'>περὶ</span> <span class='ocrx_word' id='word_1_31' title='bbox 911 877 968 942; x_wconf 83' lang='grc' dir='ltr'>τὸν</span> <span class='ocrx_word' id='word_1_32' title='bbox 988 875 1096 944; x_wconf 67' lang='lat' dir='ltr'>huto</span> <span class='ocrx_word' id='word_1_33' title='bbox 1120 878 1272 961; x_wconf 83' lang='grc' dir='ltr'>ποταμὸν</span> <span class='ocrx_word' id='word_1_34' title='bbox 1292 885 1417 944; x_wconf 83' lang='grc' dir='ltr'>Βαινο-</span> 
     </span>
     <span class='ocr_line' id='line_1_6' title="bbox 318 978 1421 1068; baseline 0.003 -24"><span class='ocrx_word' id='word_1_35' title='bbox 318 982 452 1068; x_wconf 85' lang='grc' dir='ltr'>χαῖμαο,</span> <span class='ocrx_word' id='word_1_36' title='bbox 475 979 557 1068; x_wconf 84' lang='grc' dir='ltr'>ὑπὲρ</span> <span class='ocrx_word' id='word_1_37' title='bbox 588 979 643 1052; x_wconf 88' lang='grc' dir='ltr'>οῦς</span> <span class='ocrx_word' id='word_1_38' title='bbox 668 978 827 1054; x_wconf 70' lang='lat' dir='ltr'><strong>serenat,</strong></span> <span class='ocrx_word' id='word_1_39' title='bbox 852 978 908 1044; x_wconf 82' lang='grc' dir='ltr'>καὶ</span> <span class='ocrx_word' id='word_1_40' title='bbox 941 980 990 1046; x_wconf 84' lang='grc' dir='ltr'>ἔτι</span> <span class='ocrx_word' id='word_1_41' title='bbox 1020 979 1103 1067; x_wconf 77' lang='grc' dir='ltr'>ὑπὲρ</span> <span class='ocrx_word' id='word_1_42' title='bbox 1124 982 1259 1052; x_wconf 76' lang='grc' dir='ltr'>τούτους</span> <span class='ocrx_word' id='word_1_43' title='bbox 1282 980 1351 1047; x_wconf 82' lang='grc' dir='ltr'>ὑπὸ</span> <span class='ocrx_word' id='word_1_44' title='bbox 1374 985 1421 1048; x_wconf 86' lang='grc' dir='ltr'>τὸ</span> 
     </span>
     <span class='ocr_line' id='line_1_7' title="bbox 316 1081 1420 1173; baseline 0.003 -25"><span class='ocrx_word' id='word_1_45' title='bbox 316 1081 556 1171; x_wconf 69' lang='grc' dir='ltr'>Ἀσκιθοῦργιον</span> <span class='ocrx_word' id='word_1_46' title='bbox 569 1084 645 1171; x_wconf 84' lang='grc' dir='ltr'>ὄρος</span> <span class='ocrx_word' id='word_1_47' title='bbox 660 1081 837 1171; x_wconf 82' lang='grc' dir='ltr'>Κορκοντοὶ</span> <span class='ocrx_word' id='word_1_48' title='bbox 850 1081 906 1147; x_wconf 76' lang='grc' dir='ltr'>καὶ</span> <span class='ocrx_word' id='word_1_49' title='bbox 928 1081 1091 1168; x_wconf 55' lang='lat' dir='ltr'><strong>Aeonum</strong></span> <span class='ocrx_word' id='word_1_50' title='bbox 1112 1082 1146 1148; x_wconf 81' lang='grc' dir='ltr'>οἱ</span> <span class='ocrx_word' id='word_1_51' title='bbox 1165 1088 1283 1169; x_wconf 79' lang='grc' dir='ltr'>Βοῦραν</span> <span class='ocrx_word' id='word_1_52' title='bbox 1304 1084 1420 1173; x_wconf 74' lang='grc' dir='ltr'>μέχρι</span> 
     </span>
     <span class='ocr_line' id='line_1_8' title="bbox 317 1185 1000 1272; baseline 0 -20"><span class='ocrx_word' id='word_1_53' title='bbox 317 1191 375 1269; x_wconf 87' lang='grc' dir='ltr'>τῆς</span> <span class='ocrx_word' id='word_1_54' title='bbox 390 1191 537 1272; x_wconf 78' lang='grc' dir='ltr'>κεφαλῆς</span> <span class='ocrx_word' id='word_1_55' title='bbox 552 1186 611 1252; x_wconf 86' lang='grc' dir='ltr'>τοῦ</span> <span class='ocrx_word' id='word_1_56' title='bbox 630 1185 823 1252; x_wconf 82' lang='grc' dir='ltr'>Οῦιστοῦλο</span> <span class='ocrx_word' id='word_1_57' title='bbox 838 1191 1000 1268; x_wconf 88' lang='grc' dir='ltr'>ποταμοῦ.</span> 
     </span>
    </p>

    <p class='ocr_par' dir='ltr' id='par_1_4' title="bbox 318 1287 1417 1482">
     <span class='ocr_line' id='line_1_9' title="bbox 362 1287 1417 1376; baseline 0.001 -20"><span class='ocrx_word' id='word_1_58' title='bbox 362 1299 413 1356; x_wconf 91' lang='grc'>21.</span> <span class='ocrx_word' id='word_1_59' title='bbox 442 1289 525 1357; x_wconf 70' lang='grc' dir='ltr'>’Ὑπὸ</span> <span class='ocrx_word' id='word_1_60' title='bbox 544 1288 579 1356; x_wconf 83' lang='grc' dir='ltr'>δὲ</span> <span class='ocrx_word' id='word_1_61' title='bbox 601 1289 737 1361; x_wconf 77' lang='grc' dir='ltr'>τούτους</span> <span class='ocrx_word' id='word_1_62' title='bbox 761 1292 889 1376; x_wconf 81' lang='grc' dir='ltr'>πρῶτοι</span> <span class='ocrx_word' id='word_1_63' title='bbox 914 1287 1061 1372; x_wconf 60' lang='lat' dir='ltr'><strong>nitores,</strong></span> <span class='ocrx_word' id='word_1_64' title='bbox 1085 1287 1157 1356; x_wconf 74' lang='grc' dir='ltr'>εἶτα</span> <span class='ocrx_word' id='word_1_65' title='bbox 1181 1293 1319 1374; x_wconf 68' lang='grc' dir='ltr'>Κῶγνοι,</span> <span class='ocrx_word' id='word_1_66' title='bbox 1337 1289 1417 1358; x_wconf 71' lang='grc' dir='ltr'>εἶτα</span> 
     </span>
     <span class='ocr_line' id='line_1_10' title="bbox 318 1391 1056 1482; baseline -0.001 -22"><span class='ocrx_word' id='word_1_67' title='bbox 318 1392 557 1482; x_wconf 66' lang='grc' dir='ltr'>Οῦισῦοῦρνγιοι</span> <span class='ocrx_word' id='word_1_68' title='bbox 571 1393 653 1480; x_wconf 82' lang='grc' dir='ltr'>ὑπὲρ</span> <span class='ocrx_word' id='word_1_69' title='bbox 669 1391 726 1460; x_wconf 84' lang='grc' dir='ltr'>τὸν</span> <span class='ocrx_word' id='word_1_70' title='bbox 738 1391 909 1480; x_wconf 82' lang='grc' dir='ltr'>Ὀρκῦνιον</span> <span class='ocrx_word' id='word_1_71' title='bbox 927 1391 1056 1480; x_wconf 85' lang='grc' dir='ltr'>δρυμόν.</span> 
     </span>
    </p>

    <p class='ocr_par' dir='ltr' id='par_1_5' title="bbox 319 1493 1416 1791">
     <span class='ocr_line' id='line_1_11' title="bbox 362 1493 1415 1586; baseline 0.002 -24"><span class='ocrx_word' id='word_1_72' title='bbox 362 1505 413 1564; x_wconf 89' lang='grc'>22.</span> <span class='ocrx_word' id='word_1_73' title='bbox 441 1497 551 1562; x_wconf 84' lang='grc' dir='ltr'>Πάλιν</span> <span class='ocrx_word' id='word_1_74' title='bbox 571 1495 629 1562; x_wconf 85' lang='grc' dir='ltr'>ἀπ’</span> <span class='ocrx_word' id='word_1_75' title='bbox 644 1495 815 1562; x_wconf 81' lang='grc' dir='ltr'>ἀνατολῶν</span> <span class='ocrx_word' id='word_1_76' title='bbox 837 1495 898 1578; x_wconf 81' lang='grc' dir='ltr'>μὲν</span> <span class='ocrx_word' id='word_1_77' title='bbox 912 1499 978 1562; x_wconf 84' lang='grc' dir='ltr'>τῶν</span> <span class='ocrx_word' id='word_1_78' title='bbox 995 1493 1183 1563; x_wconf 73' lang='grc' dir='ltr'>Ἀῦνοῦαίυν</span> <span class='ocrx_word' id='word_1_79' title='bbox 1197 1496 1281 1586; x_wconf 83' lang='grc' dir='ltr'>ὀρῶν</span> <span class='ocrx_word' id='word_1_80' title='bbox 1298 1497 1415 1564; x_wconf 77' lang='grc' dir='ltr'>οἰκοῦ-</span> 
     </span>
     <span class='ocr_line' id='line_1_12' title="bbox 319 1596 1416 1689; baseline 0.001 -23"><span class='ocrx_word' id='word_1_81' title='bbox 319 1627 376 1666; x_wconf 85' lang='grc' dir='ltr'>σιν</span> <span class='ocrx_word' id='word_1_82' title='bbox 407 1601 490 1689; x_wconf 81' lang='grc' dir='ltr'>ῦπὲρ</span> <span class='ocrx_word' id='word_1_83' title='bbox 516 1600 590 1671; x_wconf 82' lang='grc' dir='ltr'>τοὺς</span> <span class='ocrx_word' id='word_1_84' title='bbox 622 1596 782 1680; x_wconf 71' lang='grc' dir='ltr'>Σουήῦους</span> <span class='ocrx_word' id='word_1_85' title='bbox 804 1599 1004 1686; x_wconf 78' lang='grc' dir='ltr'>Κασουάροι,</span> <span class='ocrx_word' id='word_1_86' title='bbox 1038 1597 1110 1666; x_wconf 79' lang='grc' dir='ltr'>εἶτα</span> <span class='ocrx_word' id='word_1_87' title='bbox 1138 1601 1416 1688; x_wconf 79' lang='grc' dir='ltr'>Νεμτερὲανες</span> 
     </span>
     <span class='ocr_line' id='line_1_13' title="bbox 320 1699 1298 1791; baseline 0.002 -23"><span class='ocrx_word' id='word_1_88' title='bbox 320 1701 392 1768; x_wconf 77' lang='grc' dir='ltr'>εἶτα</span> <span class='ocrx_word' id='word_1_89' title='bbox 407 1700 512 1769; x_wconf 87' lang='grc' dir='ltr'>Δανδ</span> <span class='ocrx_word' id='word_1_90' title='bbox 519 1707 638 1777; x_wconf 82' lang='grc' dir='ltr'>οῦτοι,</span> <span class='ocrx_word' id='word_1_91' title='bbox 662 1699 716 1788; x_wconf 92' lang='lat' dir='ltr'><em>W</em></span> <span class='ocrx_word' id='word_1_92' title='bbox 728 1702 784 1774; x_wconf 86' lang='grc' dir='ltr'>οῦς</span> <span class='ocrx_word' id='word_1_93' title='bbox 796 1702 994 1787; x_wconf 84' lang='grc' dir='ltr'>Τοῦμωνοι</span> <span class='ocrx_word' id='word_1_94' title='bbox 1009 1702 1065 1768; x_wconf 74' lang='grc' dir='ltr'>καὶ</span> <span class='ocrx_word' id='word_1_95' title='bbox 1083 1703 1298 1791; x_wconf 75' lang='grc' dir='ltr'>Μορουῦγγοο.</span> 
     </span>
    </p>

    <p class='ocr_par' dir='ltr' id='par_1_6' title="bbox 317 1802 1415 2101">
     <span class='ocr_line' id='line_1_14' title="bbox 362 1802 1415 1887; baseline 0.003 -16"><span class='ocrx_word' id='word_1_96' title='bbox 362 1813 413 1871; x_wconf 88' lang='grc'>23.</span> <span class='ocrx_word' id='word_1_97' title='bbox 435 1805 517 1871; x_wconf 76' lang='grc' dir='ltr'>’Ὑπὸ</span> <span class='ocrx_word' id='word_1_98' title='bbox 543 1804 579 1870; x_wconf 81' lang='grc' dir='ltr'>δὲ</span> <span class='ocrx_word' id='word_1_99' title='bbox 598 1803 674 1876; x_wconf 85' lang='grc' dir='ltr'>τοῦς</span> <span class='ocrx_word' id='word_1_100' title='bbox 697 1802 871 1887; x_wconf 87' lang='grc' dir='ltr'>Χαμαυοῦς</span> <span class='ocrx_word' id='word_1_101' title='bbox 897 1804 1035 1881; x_wconf 85' lang='grc' dir='ltr'>Χάτται,</span> <span class='ocrx_word' id='word_1_102' title='bbox 1057 1805 1113 1872; x_wconf 79' lang='grc' dir='ltr'>καὶ</span> <span class='ocrx_word' id='word_1_103' title='bbox 1136 1806 1326 1883; x_wconf 66' lang='lat' dir='ltr'><strong>rottae-ror,</strong></span> <span class='ocrx_word' id='word_1_104' title='bbox 1350 1808 1415 1874; x_wconf 75' lang='lat' dir='ltr'>ml</span> 
     </span>
     <span class='ocr_line' id='line_1_15' title="bbox 321 1907 1413 1998; baseline 0.003 -24"><span class='ocrx_word' id='word_1_105' title='bbox 321 1908 404 1996; x_wconf 79' lang='grc' dir='ltr'>ὑπὲρ</span> <span class='ocrx_word' id='word_1_106' title='bbox 428 1913 469 1974; x_wconf 84' lang='grc' dir='ltr'>τὰ</span> <span class='ocrx_word' id='word_1_107' title='bbox 494 1907 643 1990; x_wconf 80' lang='grc' dir='ltr'>Σοῦδητα</span> <span class='ocrx_word' id='word_1_108' title='bbox 665 1909 724 1996; x_wconf 79' lang='grc' dir='ltr'>ὄρη</span> <span class='ocrx_word' id='word_1_109' title='bbox 744 1912 994 1996; x_wconf 83' lang='grc' dir='ltr'>Τευριοχαῖμαι,</span> <span class='ocrx_word' id='word_1_110' title='bbox 1017 1909 1081 1974; x_wconf 80' lang='grc' dir='ltr'>ὑπὸ</span> <span class='ocrx_word' id='word_1_111' title='bbox 1105 1909 1141 1975; x_wconf 78' lang='grc' dir='ltr'>δὲ</span> <span class='ocrx_word' id='word_1_112' title='bbox 1169 1909 1212 1976; x_wconf 83' lang='grc' dir='ltr'>τὰ</span> <span class='ocrx_word' id='word_1_113' title='bbox 1235 1911 1294 1998; x_wconf 83' lang='grc' dir='ltr'>ὄρη</span> <span class='ocrx_word' id='word_1_114' title='bbox 1319 1913 1413 1977; x_wconf 88' lang='grc' dir='ltr'>Οῦα-</span> 
     </span>
     <span class='ocr_line' id='line_1_16' title="bbox 317 2011 439 2101; baseline -0.025 -23"><span class='ocrx_word' id='word_1_115' title='bbox 317 2011 439 2101; x_wconf 75' lang='grc' dir='ltr'>ριστοί.</span> 
     </span>
    </p>

    <p class='ocr_par' dir='ltr' id='par_1_7' title="bbox 318 2112 1410 2408">
     <span class='ocr_line' id='line_1_17' title="bbox 361 2112 1408 2205; baseline 0.002 -24"><span class='ocrx_word' id='word_1_116' title='bbox 361 2123 413 2182; x_wconf 86' lang='grc'>24.</span> <span class='ocrx_word' id='word_1_117' title='bbox 437 2112 519 2180; x_wconf 77' lang='grc' dir='ltr'>Εἶτα</span> <span class='ocrx_word' id='word_1_118' title='bbox 541 2113 754 2201; x_wconf 72' lang='grc' dir='ltr'>ἦΓαμόρήτα</span> <span class='ocrx_word' id='word_1_119' title='bbox 776 2115 849 2195; x_wconf 82' lang='grc' dir='ltr'>ῦλη,</span> <span class='ocrx_word' id='word_1_120' title='bbox 880 2112 937 2179; x_wconf 75' lang='grc' dir='ltr'>καὶ</span> <span class='ocrx_word' id='word_1_121' title='bbox 966 2113 1030 2180; x_wconf 74' lang='lat' dir='ltr'><strong>iord</strong></span> <span class='ocrx_word' id='word_1_122' title='bbox 1052 2113 1113 2197; x_wconf 77' lang='grc' dir='ltr'>μὲν</span> <span class='ocrx_word' id='word_1_123' title='bbox 1134 2113 1210 2186; x_wconf 84' lang='grc' dir='ltr'>τοῦς</span> <span class='ocrx_word' id='word_1_124' title='bbox 1236 2119 1408 2205; x_wconf 62' lang='lat' dir='ltr'>Mopsues-</span> 
     </span>
     <span class='ocr_line' id='line_1_18' title="bbox 318 2215 1410 2306; baseline 0.004 -22"><span class='ocrx_word' id='word_1_125' title='bbox 318 2245 396 2301; x_wconf 70' lang='lat' dir='ltr'><strong>ryovo</strong></span> <span class='ocrx_word' id='word_1_126' title='bbox 412 2217 645 2305; x_wconf 73' lang='grc' dir='ltr'>Κουρίωνος,</span> <span class='ocrx_word' id='word_1_127' title='bbox 668 2215 739 2283; x_wconf 79' lang='grc' dir='ltr'>εἶτα</span> <span class='ocrx_word' id='word_1_128' title='bbox 758 2217 974 2301; x_wconf 85' lang='grc' dir='ltr'>Χαιτοῦωροι,</span> <span class='ocrx_word' id='word_1_129' title='bbox 996 2216 1052 2283; x_wconf 80' lang='grc' dir='ltr'>καὶ</span> <span class='ocrx_word' id='word_1_130' title='bbox 1071 2217 1172 2306; x_wconf 76' lang='grc' dir='ltr'>μέχρι</span> <span class='ocrx_word' id='word_1_131' title='bbox 1193 2224 1253 2285; x_wconf 94' lang='grc' dir='ltr'>τοῦ</span> <span class='ocrx_word' id='word_1_132' title='bbox 1279 2229 1410 2288; x_wconf 70' lang='lat' dir='ltr'><strong>Aaron·</strong></span> 
     </span>
     <span class='ocr_line' id='line_1_19' title="bbox 319 2319 947 2408; baseline -0.005 -22"><span class='ocrx_word' id='word_1_133' title='bbox 319 2319 390 2388; x_wconf 67' lang='grc' dir='ltr'>δίου</span> <span class='ocrx_word' id='word_1_134' title='bbox 403 2320 555 2403; x_wconf 77' lang='grc' dir='ltr'>ποταμοῦ</span> <span class='ocrx_word' id='word_1_135' title='bbox 570 2319 604 2385; x_wconf 81' lang='grc' dir='ltr'>οἱ</span> <span class='ocrx_word' id='word_1_136' title='bbox 616 2320 947 2408; x_wconf 80' lang='grc' dir='ltr'>Παρμαικάμποι.</span> 
     </span>
    </p>
   </div>
   <div class='ocr_carea' id='block_1_3' title="bbox 361 2419 1411 2514">
    <p class='ocr_par' dir='ltr' id='par_1_8' title="bbox 361 2419 1411 2514">
     <span class='ocr_line' id='line_1_20' title="bbox 361 2419 1411 2514; baseline 0.002 -23"><span class='ocrx_word' id='word_1_137' title='bbox 361 2434 412 2494; x_wconf 84' lang='grc'>25.</span> <span class='ocrx_word' id='word_1_138' title='bbox 435 2422 518 2491; x_wconf 75' lang='grc' dir='ltr'>Ὑπὸ</span> <span class='ocrx_word' id='word_1_139' title='bbox 540 2421 575 2490; x_wconf 78' lang='grc' dir='ltr'>δὲ</span> <span class='ocrx_word' id='word_1_140' title='bbox 606 2423 665 2504; x_wconf 74' lang='grc' dir='ltr'>τὴν</span> <span class='ocrx_word' id='word_1_141' title='bbox 695 2419 889 2510; x_wconf 69' lang='grc' dir='ltr'>Γομῦρήταν</span> <span class='ocrx_word' id='word_1_142' title='bbox 912 2422 995 2502; x_wconf 83' lang='grc' dir='ltr'>ῦλην</span> <span class='ocrx_word' id='word_1_143' title='bbox 1020 2425 1245 2511; x_wconf 80' lang='grc' dir='ltr'>Μαρκομανοὶ,</span> <span class='ocrx_word' id='word_1_144' title='bbox 1268 2425 1322 2514; x_wconf 89' lang='lat' dir='ltr'><em>W</em></span> <span class='ocrx_word' id='word_1_145' title='bbox 1349 2430 1411 2501; x_wconf 83' lang='grc' dir='ltr'>οῦς</span> 
     </span>
    </p>
   </div>
   <div class='ocr_carea' id='block_1_4' title="bbox 318 2524 1410 3132">
    <p class='ocr_par' dir='ltr' id='par_1_9' title="bbox 318 2524 1408 2716">
     <span class='ocr_line' id='line_1_21' title="bbox 318 2524 1408 2620; baseline -0.007 -25"><span class='ocrx_word' id='word_1_146' title='bbox 318 2527 483 2611; x_wconf 80' lang='grc' dir='ltr'>Σουδηνοὶ,</span> <span class='ocrx_word' id='word_1_147' title='bbox 514 2526 570 2593; x_wconf 77' lang='grc' dir='ltr'>καὶ</span> <span class='ocrx_word' id='word_1_148' title='bbox 603 2525 705 2614; x_wconf 81' lang='grc' dir='ltr'>μέχρι</span> <span class='ocrx_word' id='word_1_149' title='bbox 739 2527 798 2592; x_wconf 90' lang='grc' dir='ltr'>τοῦ</span> <span class='ocrx_word' id='word_1_150' title='bbox 827 2524 1007 2592; x_wconf 73' lang='grc' dir='ltr'>Δανουῦίου</span> <span class='ocrx_word' id='word_1_151' title='bbox 1041 2531 1194 2610; x_wconf 79' lang='grc' dir='ltr'>ποταμοῦ</span> <span class='ocrx_word' id='word_1_152' title='bbox 1220 2527 1255 2594; x_wconf 87' lang='grc' dir='ltr'>οἱ</span> <span class='ocrx_word' id='word_1_153' title='bbox 1283 2527 1408 2620; x_wconf 83' lang='grc' dir='ltr'>Ἀδρα.</span> 
     </span>
     <span class='ocr_line' id='line_1_22' title="bbox 318 2631 549 2716; baseline -0.009 -18"><span class='ocrx_word' id='word_1_154' title='bbox 318 2631 549 2716; x_wconf 75' lang='grc' dir='ltr'>ῦαικάμποο.</span> 
     </span>
    </p>

    <p class='ocr_par' dir='ltr' id='par_1_10' title="bbox 318 2729 1410 3132">
     <span class='ocr_line' id='line_1_23' title="bbox 362 2729 1409 2821; baseline 0.001 -18"><span class='ocrx_word' id='word_1_155' title='bbox 362 2741 413 2803; x_wconf 89' lang='grc'>26.</span> <span class='ocrx_word' id='word_1_156' title='bbox 434 2734 516 2802; x_wconf 70' lang='grc' dir='ltr'>’Ὑπὸ</span> <span class='ocrx_word' id='word_1_157' title='bbox 541 2731 577 2799; x_wconf 79' lang='grc' dir='ltr'>δὲ</span> <span class='ocrx_word' id='word_1_158' title='bbox 599 2731 656 2798; x_wconf 84' lang='grc' dir='ltr'>τὸν</span> <span class='ocrx_word' id='word_1_159' title='bbox 682 2729 852 2818; x_wconf 78' lang='grc' dir='ltr'>Ὀμκῦνοον</span> <span class='ocrx_word' id='word_1_160' title='bbox 874 2731 995 2821; x_wconf 69' lang='grc' dir='ltr'>δρυμὸν</span> <span class='ocrx_word' id='word_1_161' title='bbox 1023 2732 1174 2810; x_wconf 81' lang='grc' dir='ltr'>Κουάδοι,</span> <span class='ocrx_word' id='word_1_162' title='bbox 1196 2734 1252 2821; x_wconf 90' lang='lat' dir='ltr'><em>W</em></span> <span class='ocrx_word' id='word_1_163' title='bbox 1272 2738 1328 2810; x_wconf 87' lang='grc' dir='ltr'>οῦς</span> <span class='ocrx_word' id='word_1_164' title='bbox 1362 2740 1409 2805; x_wconf 78' lang='grc' dir='ltr'>τὰ</span> 
     </span>
     <span class='ocr_line' id='line_1_24' title="bbox 320 2832 1406 2927; baseline 0.003 -23"><span class='ocrx_word' id='word_1_165' title='bbox 320 2838 564 2927; x_wconf 82' lang='grc' dir='ltr'>σιδηρωρυχεῖα</span> <span class='ocrx_word' id='word_1_166' title='bbox 579 2834 635 2900; x_wconf 82' lang='grc' dir='ltr'>καὶ</span> <span class='ocrx_word' id='word_1_167' title='bbox 649 2834 670 2916; x_wconf 80' lang='grc' dir='ltr'><em>ἡ</em></span> <span class='ocrx_word' id='word_1_168' title='bbox 684 2837 791 2900; x_wconf 86' lang='grc' dir='ltr'>Λοῦνα</span> <span class='ocrx_word' id='word_1_169' title='bbox 805 2836 879 2915; x_wconf 81' lang='grc' dir='ltr'>ὕλη,</span> <span class='ocrx_word' id='word_1_170' title='bbox 896 2832 950 2922; x_wconf 92' lang='lat' dir='ltr'><em>W</em></span> <span class='ocrx_word' id='word_1_171' title='bbox 964 2835 1005 2918; x_wconf 74' lang='grc' dir='ltr'>ἣν</span> <span class='ocrx_word' id='word_1_172' title='bbox 1018 2834 1104 2919; x_wconf 74' lang='grc' dir='ltr'>μέγα</span> <span class='ocrx_word' id='word_1_173' title='bbox 1120 2836 1212 2910; x_wconf 83' lang='grc' dir='ltr'>ἔθνος</span> <span class='ocrx_word' id='word_1_174' title='bbox 1228 2838 1262 2904; x_wconf 80' lang='grc' dir='ltr'>οἱ</span> <span class='ocrx_word' id='word_1_175' title='bbox 1283 2845 1406 2924; x_wconf 88' lang='grc' dir='ltr'>Βαῖμοι</span> 
     </span>
     <span class='ocr_line' id='line_1_25' title="bbox 318 2935 1410 3032; baseline 0.001 -23"><span class='ocrx_word' id='word_1_176' title='bbox 318 2943 420 3032; x_wconf 77' lang='grc' dir='ltr'>μέχρι</span> <span class='ocrx_word' id='word_1_177' title='bbox 434 2940 493 3007; x_wconf 88' lang='grc' dir='ltr'>τοῦ</span> <span class='ocrx_word' id='word_1_178' title='bbox 507 2935 696 3018; x_wconf 72' lang='grc' dir='ltr'>Δανουῦίου,</span> <span class='ocrx_word' id='word_1_179' title='bbox 721 2936 778 3003; x_wconf 82' lang='grc' dir='ltr'>καὶ</span> <span class='ocrx_word' id='word_1_180' title='bbox 800 2941 950 3026; x_wconf 83' lang='grc' dir='ltr'>συνεχεῖς</span> <span class='ocrx_word' id='word_1_181' title='bbox 965 2938 1077 3011; x_wconf 83' lang='grc' dir='ltr'>αῦτοῖς</span> <span class='ocrx_word' id='word_1_182' title='bbox 1091 2939 1168 3027; x_wconf 75' lang='grc' dir='ltr'>περὶ</span> <span class='ocrx_word' id='word_1_183' title='bbox 1183 2943 1239 3009; x_wconf 89' lang='grc' dir='ltr'>τὸν</span> <span class='ocrx_word' id='word_1_184' title='bbox 1253 2947 1410 3029; x_wconf 83' lang='grc' dir='ltr'>ποταμὸν</span> 
     </span>
     <span class='ocr_line' id='line_1_26' title="bbox 320 3039 1315 3132; baseline 0 -20"><span class='ocrx_word' id='word_1_185' title='bbox 320 3045 353 3112; x_wconf 85' lang='grc' dir='ltr'>οἱ</span> <span class='ocrx_word' id='word_1_186' title='bbox 364 3041 638 3132; x_wconf 74' lang='grc' dir='ltr'>Τερανοατρίαι</span> <span class='ocrx_word' id='word_1_187' title='bbox 654 3039 709 3106; x_wconf 77' lang='grc' dir='ltr'>καὶ</span> <span class='ocrx_word' id='word_1_188' title='bbox 728 3039 761 3106; x_wconf 83' lang='grc' dir='ltr'>οἱ</span> <span class='ocrx_word' id='word_1_189' title='bbox 773 3040 856 3128; x_wconf 84' lang='grc' dir='ltr'>πρὸς</span> <span class='ocrx_word' id='word_1_190' title='bbox 870 3043 940 3113; x_wconf 86' lang='grc' dir='ltr'>τοῖς</span> <span class='ocrx_word' id='word_1_191' title='bbox 955 3041 1105 3125; x_wconf 81' lang='grc' dir='ltr'>Κάμποις</span> <span class='ocrx_word' id='word_1_192' title='bbox 1118 3041 1315 3112; x_wconf 80' lang='grc' dir='ltr'>Ῥακάται.</span> 
     </span>
    </p>
   </div>
   <div class='ocr_carea' id='block_1_5' title="bbox 409 3306 1301 3389">
    <p class='ocr_par' dir='ltr' id='par_1_11' title="bbox 409 3306 1301 3389">
     <span class='ocr_line' id='line_1_27' title="bbox 409 3306 1301 3389; baseline 0.006 -22"><span class='ocrx_word' id='word_1_193' title='bbox 409 3306 426 3389; x_wconf 85' lang='lat'>§</span> <span class='ocrx_word' id='word_1_194' title='bbox 449 3326 478 3368; x_wconf 86' lang='lat' dir='ltr'>v.</span> <span class='ocrx_word' id='word_1_195' title='bbox 502 3323 653 3365; x_wconf 79' lang='lat' dir='ltr'><strong>uxrnrcrs</strong></span> <span class='ocrx_word' id='word_1_196' title='bbox 675 3323 756 3366; x_wconf 77' lang='lat' dir='ltr'><strong>enon</strong></span> <span class='ocrx_word' id='word_1_197' title='bbox 778 3323 952 3366; x_wconf 76' lang='lat' dir='ltr'><strong>sonrrnurs</strong></span> <span class='ocrx_word' id='word_1_198' title='bbox 973 3327 1015 3366; x_wconf 84' lang='lat' dir='ltr'><strong>nr</strong></span> <span class='ocrx_word' id='word_1_199' title='bbox 1037 3327 1141 3368; x_wconf 72' lang='lat' dir='ltr'><strong>runos</strong></span> <span class='ocrx_word' id='word_1_200' title='bbox 1163 3329 1301 3374; x_wconf 83' lang='lat' dir='ltr'><strong>orrrcrs.</strong></span> 
     </span>
    </p>
   </div>
   <div class='ocr_carea' id='block_1_6' title="bbox 321 3471 1410 4441">
    <p class='ocr_par' dir='ltr' id='par_1_12' title="bbox 321 3471 1410 4058">
     <span class='ocr_line' id='line_1_28' title="bbox 362 3471 1410 3565; baseline 0.01 -29"><span class='ocrx_word' id='word_1_201' title='bbox 362 3471 548 3548; x_wconf 77' lang='lat' dir='ltr'><strong>domandos,</strong></span> <span class='ocrx_word' id='word_1_202' title='bbox 563 3496 601 3538; x_wconf 83' lang='lat' dir='ltr'>an</span> <span class='ocrx_word' id='word_1_203' title='bbox 613 3473 811 3539; x_wconf 74' lang='lat' dir='ltr'><strong>Ostro-(loth</strong></span> <span class='ocrx_word' id='word_1_204' title='bbox 823 3474 868 3561; x_wconf 83' lang='lat' dir='ltr'>by</span> <span class='ocrx_word' id='word_1_205' title='bbox 884 3475 979 3553; x_wconf 80' lang='lat' dir='ltr'><strong>birth,</strong></span> <span class='ocrx_word' id='word_1_206' title='bbox 995 3499 1059 3541; x_wconf 83' lang='lat' dir='ltr'>was</span> <span class='ocrx_word' id='word_1_207' title='bbox 1075 3477 1192 3565; x_wconf 88' lang='lat' dir='ltr'><strong>Bishop</strong></span> <span class='ocrx_word' id='word_1_208' title='bbox 1207 3479 1244 3543; x_wconf 87' lang='lat' dir='ltr'>of</span> <span class='ocrx_word' id='word_1_209' title='bbox 1254 3481 1410 3548; x_wconf 79' lang='lat' dir='ltr'><strong>Ravenna.</strong></span> 
     </span>
     <span class='ocr_line' id='line_1_29' title="bbox 321 3573 1408 3665; baseline 0.006 -25"><span class='ocrx_word' id='word_1_210' title='bbox 321 3574 415 3640; x_wconf 78' lang='lat' dir='ltr'><strong>about</strong></span> <span class='ocrx_word' id='word_1_211' title='bbox 443 3597 504 3639; x_wconf 62' lang='lat' dir='ltr'>sn.</span> <span class='ocrx_word' id='word_1_212' title='bbox 519 3577 592 3638; x_wconf 82' lang='lat'>530.</span> <span class='ocrx_word' id='word_1_213' title='bbox 644 3573 714 3638; x_wconf 85' lang='lat' dir='ltr'>The</span> <span class='ocrx_word' id='word_1_214' title='bbox 736 3574 895 3660; x_wconf 82' lang='lat' dir='ltr'><strong>following</strong></span> <span class='ocrx_word' id='word_1_215' title='bbox 919 3583 1057 3641; x_wconf 78' lang='lat' dir='ltr'><strong>extracto</strong></span> <span class='ocrx_word' id='word_1_216' title='bbox 1084 3599 1136 3642; x_wconf 83' lang='lat' dir='ltr'><strong>are</strong></span> <span class='ocrx_word' id='word_1_217' title='bbox 1163 3578 1266 3665; x_wconf 80' lang='lat' dir='ltr'><strong>given,</strong></span> <span class='ocrx_word' id='word_1_218' title='bbox 1285 3581 1332 3645; x_wconf 84' lang='lat' dir='ltr'>for</span> <span class='ocrx_word' id='word_1_219' title='bbox 1350 3582 1408 3648; x_wconf 83' lang='lat' dir='ltr'>the</span> 
     </span>
     <span class='ocr_line' id='line_1_30' title="bbox 322 3673 1406 3762; baseline 0.007 -22"><span class='ocrx_word' id='word_1_220' title='bbox 322 3675 397 3740; x_wconf 83' lang='lat' dir='ltr'><strong>sake</strong></span> <span class='ocrx_word' id='word_1_221' title='bbox 419 3674 456 3738; x_wconf 87' lang='lat' dir='ltr'>of</span> <span class='ocrx_word' id='word_1_222' title='bbox 481 3674 620 3760; x_wconf 78' lang='lat' dir='ltr'><strong>showing</strong></span> <span class='ocrx_word' id='word_1_223' title='bbox 648 3674 702 3739; x_wconf 88' lang='lat' dir='ltr'>the</span> <span class='ocrx_word' id='word_1_224' title='bbox 730 3673 809 3738; x_wconf 86' lang='lat' dir='ltr'><strong>form</strong></span> <span class='ocrx_word' id='word_1_225' title='bbox 835 3675 937 3740; x_wconf 82' lang='lat' dir='ltr'><strong>which</strong></span> <span class='ocrx_word' id='word_1_226' title='bbox 964 3699 984 3741; x_wconf 83' lang='lat' dir='ltr'><strong>s</strong></span> <span class='ocrx_word' id='word_1_227' title='bbox 1013 3675 1149 3744; x_wconf 82' lang='lat' dir='ltr'><strong>mixture</strong></span> <span class='ocrx_word' id='word_1_228' title='bbox 1176 3678 1213 3743; x_wconf 80' lang='lat' dir='ltr'>ol</span> <span class='ocrx_word' id='word_1_229' title='bbox 1243 3681 1406 3762; x_wconf 80' lang='lat' dir='ltr'><strong>tradition,</strong></span> 
     </span>
     <span class='ocr_line' id='line_1_31' title="bbox 322 3773 1407 3866; baseline 0.006 -26"><span class='ocrx_word' id='word_1_230' title='bbox 322 3774 522 3860; x_wconf 83' lang='lat' dir='ltr'><strong>speculation,</strong></span> <span class='ocrx_word' id='word_1_231' title='bbox 541 3773 602 3839; x_wconf 84' lang='lat' dir='ltr'>ond</span> <span class='ocrx_word' id='word_1_232' title='bbox 620 3773 862 3860; x_wconf 81' lang='lat' dir='ltr'><strong>heterogeneous</strong></span> <span class='ocrx_word' id='word_1_233' title='bbox 876 3784 1025 3842; x_wconf 78' lang='lat' dir='ltr'><strong>accounts</strong></span> <span class='ocrx_word' id='word_1_234' title='bbox 1038 3775 1075 3841; x_wconf 84' lang='lat' dir='ltr'>of</span> <span class='ocrx_word' id='word_1_235' title='bbox 1090 3777 1181 3843; x_wconf 89' lang='lat' dir='ltr'><strong>other</strong></span> <span class='ocrx_word' id='word_1_236' title='bbox 1197 3781 1407 3866; x_wconf 77' lang='lat' dir='ltr'><strong>populations,</strong></span> 
     </span>
     <span class='ocr_line' id='line_1_32' title="bbox 322 3871 1407 3949; baseline 0.009 -10"><span class='ocrx_word' id='word_1_237' title='bbox 322 3874 399 3939; x_wconf 88' lang='lat' dir='ltr'><strong>took</strong></span> <span class='ocrx_word' id='word_1_238' title='bbox 425 3874 458 3938; x_wconf 89' lang='lat' dir='ltr'>iu</span> <span class='ocrx_word' id='word_1_239' title='bbox 484 3873 538 3939; x_wconf 87' lang='lat' dir='ltr'>the</span> <span class='ocrx_word' id='word_1_240' title='bbox 564 3873 665 3939; x_wconf 84' lang='lat' dir='ltr'><strong>honde</strong></span> <span class='ocrx_word' id='word_1_241' title='bbox 691 3873 727 3938; x_wconf 87' lang='lat' dir='ltr'>of</span> <span class='ocrx_word' id='word_1_242' title='bbox 743 3895 800 3938; x_wconf 90' lang='lat' dir='ltr'>one</span> <span class='ocrx_word' id='word_1_243' title='bbox 832 3875 869 3938; x_wconf 84' lang='lat' dir='ltr'>of</span> <span class='ocrx_word' id='word_1_244' title='bbox 892 3875 946 3939; x_wconf 87' lang='lat' dir='ltr'>tho</span> <span class='ocrx_word' id='word_1_245' title='bbox 973 3871 1040 3942; x_wconf 85' lang='lat' dir='ltr'><strong>first</strong></span> <span class='ocrx_word' id='word_1_246' title='bbox 1064 3876 1169 3943; x_wconf 82' lang='lat' dir='ltr'><strong>native</strong></span> <span class='ocrx_word' id='word_1_247' title='bbox 1201 3879 1303 3947; x_wconf 87' lang='lat' dir='ltr'><strong>Goths</strong></span> <span class='ocrx_word' id='word_1_248' title='bbox 1332 3883 1407 3949; x_wconf 81' lang='lat' dir='ltr'>who</span> 
     </span>
     <span class='ocr_line' id='line_1_33' title="bbox 322 3973 1030 4058; baseline 0.004 -19"><span class='ocrx_word' id='word_1_249' title='bbox 322 3974 472 4039; x_wconf 79' lang='lat' dir='ltr'><strong>attended</strong></span> <span class='ocrx_word' id='word_1_250' title='bbox 486 3983 520 4040; x_wconf 90' lang='lat' dir='ltr'>to</span> <span class='ocrx_word' id='word_1_251' title='bbox 536 3974 590 4040; x_wconf 90' lang='lat' dir='ltr'>the</span> <span class='ocrx_word' id='word_1_252' title='bbox 605 3973 783 4058; x_wconf 82' lang='lat' dir='ltr'><strong>antiquities</strong></span> <span class='ocrx_word' id='word_1_253' title='bbox 800 3975 836 4038; x_wconf 86' lang='lat' dir='ltr'>of</span> <span class='ocrx_word' id='word_1_254' title='bbox 852 3973 900 4039; x_wconf 90' lang='lat' dir='ltr'>his</span> <span class='ocrx_word' id='word_1_255' title='bbox 914 3975 1030 4042; x_wconf 83' lang='lat' dir='ltr'><strong>netiou.</strong></span> 
     </span>
    </p>

    <p class='ocr_par' dir='ltr' id='par_1_13' title="bbox 321 4073 1409 4441">
     <span class='ocr_line' id='line_1_34' title="bbox 366 4073 1407 4160; baseline 0.01 -22"><span class='ocrx_word' id='word_1_256' title='bbox 366 4073 495 4160; x_wconf 81' lang='lat' dir='ltr'><strong>Hsving</strong></span> <span class='ocrx_word' id='word_1_257' title='bbox 517 4073 670 4160; x_wconf 83' lang='lat' dir='ltr'><strong>promised</strong></span> <span class='ocrx_word' id='word_1_258' title='bbox 694 4074 721 4138; x_wconf 90' lang='lat' dir='ltr'>it</span> <span class='ocrx_word' id='word_1_259' title='bbox 749 4095 813 4138; x_wconf 84' lang='lat' dir='ltr'>was</span> <span class='ocrx_word' id='word_1_260' title='bbox 836 4073 915 4139; x_wconf 88' lang='lat' dir='ltr'><strong>from</strong></span> <span class='ocrx_word' id='word_1_261' title='bbox 942 4075 996 4140; x_wconf 87' lang='lat' dir='ltr'>tho</span> <span class='ocrx_word' id='word_1_262' title='bbox 1025 4077 1130 4142; x_wconf 86' lang='lat' dir='ltr'><strong>bosom</strong></span> <span class='ocrx_word' id='word_1_263' title='bbox 1160 4079 1233 4144; x_wconf 83' lang='lat' dir='ltr'>ola</span> <span class='ocrx_word' id='word_1_264' title='bbox 1257 4083 1407 4148; x_wconf 87' lang='lat' dir='ltr'><strong>northern</strong></span> 
     </span>
     <span class='ocr_line' id='line_1_35' title="bbox 321 4173 1409 4263; baseline 0.007 -23"><span class='ocrx_word' id='word_1_265' title='bbox 321 4174 422 4240; x_wconf 83' lang='lat' dir='ltr'><strong>island</strong></span> <span class='ocrx_word' id='word_1_266' title='bbox 454 4173 567 4238; x_wconf 81' lang='lat' dir='ltr'><strong>named</strong></span> <span class='ocrx_word' id='word_1_267' title='bbox 599 4174 739 4250; x_wconf 81' lang='lat' dir='ltr'><strong>Scauzio,</strong></span> <span class='ocrx_word' id='word_1_268' title='bbox 770 4173 840 4238; x_wconf 84' lang='lat' dir='ltr'><strong>thet</strong></span> <span class='ocrx_word' id='word_1_269' title='bbox 867 4175 916 4238; x_wconf 90' lang='lat' dir='ltr'>his</span> <span class='ocrx_word' id='word_1_270' title='bbox 943 4185 1147 4263; x_wconf 86' lang='lat' dir='ltr'><strong>countrynreu</strong></span> <span class='ocrx_word' id='word_1_271' title='bbox 1175 4202 1271 4258; x_wconf 80' lang='lat' dir='ltr'><strong>came,</strong></span> <span class='ocrx_word' id='word_1_272' title='bbox 1301 4181 1367 4248; x_wconf 86' lang='lat' dir='ltr'><strong>lilrc</strong></span> <span class='ocrx_word' id='word_1_273' title='bbox 1389 4207 1409 4248; x_wconf 83' lang='grc' dir='ltr'>α</span> 
     </span>
     <span class='ocr_line' id='line_1_36' title="bbox 322 4273 1409 4371; baseline 0.006 -30"><span class='ocrx_word' id='word_1_274' title='bbox 322 4297 434 4341; x_wconf 81' lang='lat' dir='ltr'><strong>swsrm</strong></span> <span class='ocrx_word' id='word_1_275' title='bbox 451 4273 487 4338; x_wconf 85' lang='lat' dir='ltr'>of</span> <span class='ocrx_word' id='word_1_276' title='bbox 498 4273 579 4350; x_wconf 86' lang='lat' dir='ltr'><strong>bees,</strong></span> <span class='ocrx_word' id='word_1_277' title='bbox 595 4273 662 4339; x_wconf 89' lang='lat' dir='ltr'><strong>into</strong></span> <span class='ocrx_word' id='word_1_278' title='bbox 680 4273 813 4358; x_wconf 84' lang='lat' dir='ltr'><strong>Europe,</strong></span> <span class='ocrx_word' id='word_1_279' title='bbox 830 4274 892 4340; x_wconf 82' lang='lat' dir='ltr'>end</span> <span class='ocrx_word' id='word_1_280' title='bbox 906 4275 987 4340; x_wconf 82' lang='lat' dir='ltr'><strong>ester</strong></span> <span class='ocrx_word' id='word_1_281' title='bbox 1003 4299 1022 4342; x_wconf 87' lang='grc' dir='ltr'>ο</span> <span class='ocrx_word' id='word_1_282' title='bbox 1037 4278 1190 4344; x_wconf 85' lang='lat' dir='ltr'><strong>reference</strong></span> <span class='ocrx_word' id='word_1_283' title='bbox 1206 4287 1241 4344; x_wconf 87' lang='lat' dir='ltr'>to</span> <span class='ocrx_word' id='word_1_284' title='bbox 1260 4282 1409 4371; x_wconf 82' lang='lat' dir='ltr'><strong>Ptolemy</strong></span> 
     </span>
     <span class='ocr_line' id='line_1_37' title="bbox 322 4374 579 4441; baseline 0.012 -3"><span class='ocrx_word' id='word_1_285' title='bbox 322 4375 362 4441; x_wconf 88' lang='lat' dir='ltr'>he</span> <span class='ocrx_word' id='word_1_286' title='bbox 377 4374 579 4440; x_wconf 86' lang='lat' dir='ltr'><strong>continues-</strong></span> 
     </span>
    </p>
   </div>
   <div class='ocr_carea' id='block_1_7' title="bbox 0 0 1584 5122">
    <p class='ocr_par' dir='ltr' id='par_1_14' title="bbox 0 0 1584 5122">
     <span class='ocr_line' id='line_1_38' title="bbox 0 0 1584 5122; baseline 0 0"><span class='ocrx_word' id='word_1_287' title='bbox 0 0 1584 5122; x_wconf 95' lang='lat' dir='ltr'> </span> 
     </span>
    </p>
   </div>
  </div>
 </body>
</html>
