3144 5080
291 423 365 492 lxiv
578 435 655 490 uns
677 434 859 490 onnusur
881 433 930 488 or
954 432 1119 490 moruus

290 599 565 688 perturbabantur.
621 595 682 678 Qui
713 619 747 660 se
776 619 816 660 ex
845 595 895 661 bis
934 596 1038 660 minus
1062 595 1191 662 timidos
1219 597 1395 663 existimari

290 701 448 778 volebant,
481 721 544 763 nou
573 720 606 762 se
637 697 761 762 hostem
786 697 897 773 vereri,
933 697 988 761 aed
1018 699 1181 782 angustias
1211 699 1333 765 itineris
1359 709 1395 764 et

290 800 540 887 magnitudinem
567 799 813 880 silvarumque
836 796 1067 863 intercederent
1093 797 1175 862 iuter
1197 800 1280 884 ipsos
1296 809 1395 884 atque

293 901 499 976 Ariovistum,
520 908 575 964 aut
591 921 656 964 rem
670 897 917 972 frumentariam,
931 905 968 962 ut
985 897 1063 964 satis
1077 899 1240 964 commode
1261 923 1395 986 suppor-

292 1003 353 1068 tari
377 1010 491 1087 posset,
508 1000 619 1066 timere
644 999 800 1064 dicebant.
847 997 997 1062 Nonnulli
1023 1000 1119 1064 etiam
1136 999 1251 1065 Gasari
1279 1023 1395 1065 renun-

291 1103 427 1180 ciabant,
445 1123 540 1186 quum
558 1107 662 1165 castra
677 1099 796 1164 moveri
811 1121 848 1162 ae
865 1097 954 1184 signa
975 1097 1048 1163 ferri
1060 1097 1215 1186 jussisset,
1238 1123 1300 1165 nou
1325 1100 1395 1166 fore

292 1203 377 1268 dicto
392 1202 556 1268 audientes
569 1201 695 1276 milites,
719 1221 818 1283 neque
836 1209 963 1284 proptor
977 1198 1123 1264 timorem
1140 1201 1229 1286 signa
1246 1202 1376 1266 laturos.

347 1303 423 1369 XL.
460 1301 539 1366 Haec
578 1322 674 1386 quum
715 1299 1001 1376 animadvertisset,
1040 1308 1211 1366 convocato
1251 1302 1392 1379 consilio,

291 1405 491 1488 omniumque
516 1401 661 1468 ordinum
684 1399 726 1464 ad
751 1400 784 1464 id
799 1399 961 1464 consilium
983 1399 1133 1466 adhibitis
1147 1401 1393 1478 centurionibus,

294 1505 493 1570 vehementer
521 1525 574 1568 eos
608 1501 787 1566 incusavit:
825 1499 991 1585 ‘primum,
1025 1501 1119 1584 quod,
1150 1511 1206 1566 aut
1236 1524 1329 1586 quam
1359 1503 1394 1567 in

293 1621 424 1690 partam,
450 1611 506 1668 aut
530 1626 592 1689 quo
617 1601 746 1666 concilio
771 1599 969 1674 ducerentur,
1009 1600 1067 1666 sibi
1104 1601 1305 1686 quarendum
1335 1613 1394 1668 aut

293 1703 494 1790 cogitandum
518 1710 677 1789 putarent.
729 1701 936 1778 Ariovistum,
968 1723 1000 1765 se
1030 1703 1165 1776 consule,
1191 1702 1393 1788 cupidissime

293 1806 399 1890 populi
426 1803 561 1867 Romani
577 1803 748 1867 amicitiam
776 1800 952 1886 adpetisse;
985 1824 1040 1866 cur
1065 1801 1148 1866 hunc
1177 1811 1243 1868 tam
1273 1811 1393 1868 temere

293 1905 455 1990 quisquam
470 1904 511 1967 ab
525 1901 627 1968 officio
640 1902 845 1967 discessurum
866 1899 1046 1987 judiearetl
1091 1902 1158 1967 Sibi
1173 1903 1299 1988 quidem
1321 1927 1393 1990 per-

293 2003 427 2081 suaderi,
449 2003 582 2089 cognitis
607 2002 670 2068 suis
693 2001 859 2087 postulatis
884 2009 978 2087 atque
1003 2003 1150 2086 aequitate
1177 2004 1393 2069 conditionum

293 2113 466 2192 perspecta,
495 2125 566 2168 eum
590 2125 689 2188 nequo
715 2125 813 2180 mam,
836 2124 935 2186 nequa
965 2103 1071 2189 populi
1097 2102 1230 2168 Romani
1254 2105 1392 2190 gratiam

293 2205 541 2291 repudiaturum.
572 2204 664 2286 Quod
680 2203 705 2269 si
723 2203 827 2268 furora
841 2211 936 2286 atque
950 2202 1089 2268 amentia
1109 2204 1261 2289 impulsus
1275 2205 1393 2270 bellum

295 2305 460 2383 intulisset,
476 2303 551 2389 quid
573 2305 702 2370 taudem
728 2305 934 2368 vererentur!
955 2312 1011 2368 aut
1037 2327 1093 2368 cur
1118 2304 1158 2369 do
1188 2327 1245 2371 sua
1260 2307 1392 2382 virtute,

293 2415 349 2472 aut
373 2407 413 2481 de
438 2406 532 2491 ipsius
557 2405 720 2492 diligentia
745 2405 971 2489 desperarent?
1029 2401 1166 2469 Factum
1200 2403 1267 2491 ejus
1292 2405 1394 2472 hostis

293 2507 464 2594 perieulum
500 2515 625 2592 patrum
658 2513 834 2571 nostrorum
860 2504 1018 2582 memoria,
1048 2527 1153 2589 quum,
1185 2505 1319 2572 (limbris
1356 2515 1390 2572 et

295 2608 446 2673 Teutonis
472 2606 544 2673 aO.
563 2607 667 2672 Mario
691 2605 797 2692 pulsis,
816 2627 878 2670 non
904 2605 1055 2669 minorem
1080 2605 1206 2670 laudam
1224 2607 1392 2684 exercitus,

294 2732 387 2794 quam
403 2709 468 2793 ipse
482 2709 660 2793 imperator,
678 2706 809 2771 maritus
824 2705 1008 2770 videbatur:
1033 2704 1152 2770 factum
1174 2708 1269 2772 otiam
1292 2729 1395 2792 nuper

293 2809 325 2872 in
343 2809 437 2874 Italia
459 2807 561 2872 servili
578 2806 726 2880 tumultu,
743 2827 820 2888 quos
834 2814 939 2870 tamen
955 2805 1072 2890 aliquid
1087 2829 1161 2872 usus
1175 2829 1213 2872 ao
1228 2806 1395 2892 disciplina

295 2932 388 2992 quam
417 2929 437 2972 a
464 2906 553 2972 nobis
583 2905 783 2990 accepissent,
816 2905 1025 2971 sublevarent.
1086 2906 1139 2972 Ex
1167 2930 1229 2992 quo
1254 2906 1393 2994 judicari

294 3015 409 3094 posset,
435 3020 586 3092 quant-um
615 3005 743 3070 haberet
768 3005 801 3070 iu
825 3028 857 3070 se
885 3005 958 3070 boni
987 3007 1187 3080 coustantia;
1226 3017 1394 3094 propterea

294 3107 388 3193 quod,
404 3131 481 3191 quos
510 3106 701 3190 aliquamdiu
731 3105 865 3171 inermos
894 3106 959 3170 siue
989 3129 1098 3172 caussa
1122 3107 1307 3186 timuissent,
1334 3109 1394 3174 hos

296 3215 405 3294 postea
430 3215 567 3272 armatos
592 3229 630 3271 ac
660 3207 792 3271 victores
816 3216 1022 3291 superassent.
1067 3208 1210 3292 Denique
1239 3209 1296 3274 hos
1324 3231 1394 3274 esse

296 3307 430 3386 eosdem,
446 3307 628 3392 quibuscum
642 3329 851 3392 saepenumero
870 3306 1009 3372 Helvetii
1025 3309 1189 3393 congressi,
1206 3331 1267 3373 uon
1290 3309 1393 3374 solum

297 3409 328 3473 in
344 3408 417 3486 suis,
434 3407 597 3473 sedetiam
612 3408 644 3473 iu
660 3407 783 3472 illorum
799 3405 920 3481 finibus,
936 3407 1116 3492 plerumque
1139 3409 1323 3494 superarint,
1337 3410 1393 3493 qui

296 3517 402 3574 tamen
428 3530 518 3594 pares
544 3530 609 3572 esse
634 3519 740 3573 nostro
768 3507 918 3572 exercitui
946 3529 1006 3572 non
1036 3510 1204 3594 potuerint.
1256 3509 1289 3574 Si
1315 3531 1395 3593 quos

294 3609 459 3674 adversum
486 3607 626 3694 proelium
656 3616 688 3673 et
710 3607 785 3694 fuga
822 3607 983 3672 Gallorum
1014 3616 1234 3686 commoveret,
1266 3611 1331 3686 hos,
1366 3611 1395 3675 si

295 3719 479 3794 quererent,
495 3709 627 3794 reperire
649 3731 750 3795 posse,
766 3707 973 3772 diuturnitate
989 3709 1061 3774 belli
1087 3709 1267 3795 defatigatis
1282 3708 1391 3788 Gallis,

297 3809 503 3886 Ariovistum,
531 3831 626 3893 quum
661 3809 775 3874 multos
804 3831 924 3874 menses
954 3809 1064 3875 castris
1095 3831 1128 3874 so
1155 3831 1192 3874 ac
1226 3809 1394 3896 paludibus

296 3910 457 3986 tenuisset,
474 3931 573 3994 neque
600 3910 647 3974 sui
662 3915 851 3994 potestatem
876 3907 1009 3984 fecisset,
1033 3909 1233 3995 desperantes
1254 3909 1323 3997 jam
1352 3910 1393 3976 de

298 4032 403 4094 pugna
425 4018 457 4074 et
474 4009 628 4095 dispersos
645 4010 748 4075 subito
763 4009 918 4084 adortum,
935 4009 1035 4095 magis
1060 4011 1180 4074 ratione
1195 4018 1227 4075 et
1251 4011 1390 4089 consilio,

298 4131 391 4194 quam
417 4110 543 4186 virtute,
560 4110 678 4175 vicisse.
724 4109 782 4173 Oui
808 4109 921 4173 rationi
944 4118 1052 4175 eontra
1078 4111 1219 4177 homines
1244 4112 1395 4177 barbaros

298 4218 393 4293 atquc
418 4209 578 4296 imperitos
604 4210 688 4275 locus
714 4209 832 4286 fuisset,
848 4210 906 4274 hac
936 4233 974 4274 ne
1001 4211 1103 4296 ipsum
1118 4211 1244 4295 quidem
1267 4233 1393 4297 sperare

299 4319 420 4374 nostros
445 4311 600 4375 exercitus
615 4310 684 4396 capi
709 4333 806 4396 posse.
852 4310 913 4391 Qui
929 4333 1019 4376 suum
1042 4311 1186 4376 timorem
1210 4311 1241 4375 in
1266 4312 1309 4376 rei
1327 4312 1394 4376 fru-

299 4410 458 4475 mentaria
497 4410 726 4476 simulationem
764 4411 983 4496 angustiasque
1020 4410 1166 4477 itinerum
1204 4411 1390 4488 conferrent,
