3226 5088
547 411 646 468 nors
672 411 724 468 ou
748 409 907 467 asemon
933 411 995 466 xv.
1249 397 1295 468 65

202 572 269 664 ipsi
294 570 449 644 hebent:
474 570 567 642 mira
594 571 800 643 diversitate
827 579 971 656 naturae,
995 571 1078 641 crim
1101 571 1209 642 iidem
1234 569 1297 640 ho-

202 690 316 759 mines
334 690 383 759 sic
409 697 531 760 ament
560 689 737 770 inertiam,
765 698 803 760 et
831 689 972 759 oderint
995 690 1166 779 quietem.
1212 687 1296 758 Mos

203 815 258 876 est
275 806 478 876 civitatibus
497 806 591 876 ultro
609 828 650 876 ac
669 805 802 876 viritim
827 805 988 876 conferre
1004 805 1223 898 principibus
1240 803 1296 874 vel

202 932 445 994 armentorum
472 922 527 993 vel
551 923 704 1017 frugum,
730 921 824 1014 quod
851 943 915 1014 pro
938 922 1073 992 honore
1097 930 1297 1013 acceptum,

202 1041 312 1111 etism
328 1041 599 1112 necessitatibus
616 1039 793 1111 subvenit.
836 1039 1008 1111 Gaudent
1025 1035 1199 1133 praecipue
1217 1037 1296 1108 fini-

202 1157 368 1227 timarum
386 1158 548 1251 gentium
566 1156 677 1238 donis,
696 1179 773 1248 quae
794 1179 866 1226 uon
892 1149 999 1226 modb
1016 1178 1038 1225 a
1055 1155 1213 1248 singulis,
1231 1154 1293 1224 sed

200 1272 342 1366 publice
368 1275 581 1345 mittuntur:
620 1272 724 1344 electi
743 1273 836 1366 equi,
855 1295 984 1367 magna
1005 1294 1112 1355 arma,
1131 1272 1293 1365 phalerae,

202 1398 423 1484 torquesque.
476 1390 500 1460 J
502 1414 558 1462 am
571 1400 608 1461 et
624 1392 812 1483 pecuniam
830 1390 989 1483 accipere
1007 1390 1202 1460 docuimus.

565 1578 638 1620 tto't's
659 1579 697 1620 ΟΝ
717 1579 832 1622 BRO'HON
853 1579 901 1620 XV.

242 1694 252 1728 ¹
270 1687 550 1769 hodilard-This
564 1691 588 1750 is
601 1711 619 1751 a
632 1703 759 1752 measure
772 1692 805 1752 of
818 1691 868 1752 the
881 1699 982 1752 extent
1001 1699 1031 1750 to
1046 1691 1138 1751 which
1156 1690 1206 1750 the
1226 1690 1295 1749 Ger-

200 1805 281 1845 maus
294 1805 366 1844 were
384 1786 557 1864 exclusively
571 1789 828 1866 agricultural-at
840 1791 911 1850 least
925 1789 1112 1868 agricultural
1127 1809 1157 1848 as
1171 1787 1294 1866 opposed

200 1891 231 1941 to
244 1882 425 1960 populatione
436 1882 466 1940 in
481 1884 530 1942 the
544 1885 744 1945 hunter-state.

244 1978 393 2053 Probably,
413 1981 553 2055 exceptio
569 1983 612 2040 tle
625 1983 735 2052 Morka
755 1983 834 2043 there
853 2005 908 2044 was
927 1985 980 2044 less
999 2003 1081 2062 garns
1100 1984 1131 2042 in
1150 1983 1293 2058 Garmauy
1411 2023 1413 2028 ,

205 2076 235 2134 in
251 2075 301 2135 the
314 2075 384 2134 time
397 2075 430 2133 of
440 2074 556 2136 Tacitus
570 2077 640 2136 than
656 2079 736 2138 there
750 2081 773 2138 is
788 2100 858 2139 now.

664 2311 850 2320 ——...

252 2466 363 2540 XVI.
392 2468 521 2542 Nullas
539 2470 800 2541 Germanorum
822 2469 962 2562 populis
987 2469 1108 2539 urbes¹
1131 2469 1293 2549 habitari,

203 2585 287 2656 sotis
305 2595 430 2656 notum
448 2596 513 2669 est,
535 2609 582 2656 ue
598 2586 673 2678 pati
692 2586 836 2678 quidem
854 2585 949 2656 iuter
963 2609 1001 2656 se
1022 2585 1166 2678 junctas
1183 2589 1293 2655 sedes.

202 2700 337 2772 Colunt
351 2702 493 2773 discreti
507 2725 549 2772 ac
563 2701 703 2792 diversi,
719 2713 760 2772 ut
778 2702 868 2784 fons,
887 2713 928 2772 ut
946 2725 1102 2794 campus,
1116 2711 1157 2772 ut
1170 2724 1294 2772 nemus

202 2817 346 2911 placuit.
400 2818 510 2891 Vicos
536 2819 666 2902 locant,
692 2820 823 2889 nonin
850 2829 1009 2890 nostrum
1035 2841 1182 2901 morem,
1212 2841 1294 2888 con-

202 2936 303 3006 nexis
325 2945 363 3006 et
385 2935 641 3007 coherentibus
664 2935 840 3006 aediliciis:
864 2957 961 3007 suam
981 2937 1128 3029 quisque
1149 2936 1293 3006 domum

203 3053 316 3145 spatio
334 3052 541 3136 circumdat,
559 3054 633 3123 sive
657 3052 825 3124 adversius
848 3075 948 3124 casus
971 3054 1062 3146 ignis
1086 3054 1293 3136 remedium,

204 3169 277 3239 sive
317 3166 459 3238 inscitii
497 3167 705 3240 aedificandi.
774 3168 834 3240 Ne
869 3180 1119 3240 crementorum
1149 3171 1293 3263 quidem

204 3286 298 3378 apud
331 3285 411 3356 illos
444 3295 507 3356 aut
539 3286 739 3381 tegularum
773 3309 876 3370 usus;
918 3285 1068 3357 materiai
1097 3288 1140 3357 ad
1175 3289 1295 3358 omnia

204 3412 356 3472 utuntur
384 3403 537 3486 informi,
566 3417 603 3474 et
627 3405 717 3474 citra
742 3405 896 3497 speciem
921 3413 984 3474 aut
1010 3405 1293 3475 delectationem.

204 3519 374 3603 Quaedam
405 3519 482 3590 loca
511 3520 718 3614 diligentius
749 3520 895 3590 illinunt
926 3516 1021 3592 terri
1051 3523 1103 3590 ita
1137 3518 1225 3613 puri
1254 3545 1295 3591 ac

204 3638 424 3730 splendente,
454 3647 496 3708 ut
523 3639 698 3732 picturam
728 3661 768 3708 ac
796 3638 1013 3708 lineamenta
1036 3637 1194 3708 colorum
1216 3637 1295 3707 imi-

204 3762 311 3823 tetur.
364 3751 493 3824 Solent
519 3763 557 3824 er
584 3753 832 3824 subterraneos
849 3775 976 3845 specus
994 3755 1141 3846 aperire,
1164 3777 1295 3847 eosque

203 3868 318 3938 multo
347 3870 491 3962 insuper
516 3870 601 3940 fimo
632 3879 790 3953 onerant,
821 3869 1011 3964 suffugium
1037 3871 1146 3941 hiemi
1176 3880 1214 3942 et
1243 3895 1296 3942 re-

205 3984 429 4078 ceptaculum
447 3986 627 4081 frugibus:
654 3988 738 4080 quia
762 3987 914 4080 rigorem
933 3987 1103 4079 frigorum
1121 3988 1292 4081 ejusmodi

205 4102 292 4173 locis
322 4101 509 4175 molliunt:
543 4114 581 4174 et
611 4104 639 4173 si
673 4104 815 4195 quando
847 4103 958 4174 hostis
989 4105 1143 4184 advenit,
1173 4116 1297 4197 aperta

204 4218 417 4312 populatur:
451 4219 573 4290 abdita
599 4231 718 4290 autem
747 4229 784 4291 et
812 4221 959 4300 defossa,
989 4231 1052 4292 aut
1079 4223 1296 4314 ignorantur,

204 4346 266 4407 eut
285 4313 328 4406 eb
346 4337 421 4430 ipso
440 4335 580 4420 fallunt,
599 4333 694 4428 quod
713 4340 899 4430 quaerenda
917 4346 1010 4408 sunt..

1127 4477 1148 4524 s
