3158 5122
573 463 856 520 sarraconem.
1189 451 1249 546 ιιι

161 627 421 703 vasinabroncas,
438 625 573 702 Merene,
593 625 841 704 Mordensimnis,
857 625 953 703 Garis,
970 625 1080 702 Rocas,
1098 625 1252 704 Tadzans,

161 727 293 804 AthuaL
310 726 448 812 Navego,
467 726 677 811 Bubegentas,
701 726 835 800 Goldas;
860 732 984 790 etcum
1007 734 1165 792 tantorum
1188 749 1252 792 ser-

161 829 237 893 vitio
254 850 342 892 carus
359 827 533 902 haberetur,
558 849 620 890 non
646 849 753 911 passus
778 835 826 892 est
853 826 912 892 nisi
937 835 969 892 et
995 834 1120 912 gentem
1147 825 1249 891 Hern-

160 929 271 1002 lornm,
290 929 401 1012 quibus
423 934 554 1012 praeerat
570 924 724 1004 Alaricus,
750 949 864 1012 magna
884 949 924 991 ex
944 936 1032 1012 parte
1048 927 1247 1002 trucidatam,

160 1027 309 1111 reliquam
330 1049 394 1092 suae
410 1027 566 1112 subigeret
581 1024 701 1090 ditioni.
748 1026 830 1090 Nam
846 1027 994 1112 praedicta
1007 1049 1083 1112 gens
1099 1027 1252 1110 (Ablavio

162 1127 308 1192 historico
322 1127 487 1204 referente)
500 1124 597 1210 juxta
614 1124 781 1191 Maeotidas
803 1125 932 1211 paludes
952 1127 1098 1192 habitans
1120 1127 1152 1191 in
1176 1127 1251 1192 locis

161 1227 386 1312 stagnantibus,
404 1249 481 1311 quas
498 1226 599 1291 Gracci
618 1225 700 1290 Hele
715 1235 837 1304 vocant,
859 1225 970 1291 Heruli
982 1227 1134 1292 nominati
1158 1235 1250 1292 snut:

162 1351 238 1412 gens
260 1335 375 1412 quanto
392 1327 493 1406 velox,
512 1349 548 1390 eo
563 1325 695 1410 amplius
712 1327 941 1412 superbissima.
992 1326 1088 1390 Nulla
1102 1327 1253 1411 siquidem

163 1437 229 1492 erat
247 1435 321 1492 tunc
334 1449 419 1513 gens,
436 1450 503 1510 qnae
518 1448 579 1490 non
597 1427 696 1490 levem
712 1435 904 1492 armaturam
921 1427 952 1491 in
968 1427 1034 1491 acie
1050 1450 1106 1492 sna
1122 1449 1162 1491 ex
1179 1427 1254 1512 ipsis

162 1529 320 1613 clegerint.
373 1526 436 1591 Sed
450 1527 590 1611 quamvis
606 1525 751 1591 velocitas
766 1549 872 1591 eorum
887 1527 927 1591 ab
949 1527 1017 1592 aliis
1041 1549 1121 1612 saepo
1138 1526 1256 1592 bellan-

166 1629 249 1693 tibus
273 1649 326 1692 eos
348 1634 516 1702 tutaretur,
534 1625 708 1690 Gothorum
733 1637 838 1692 tamen
859 1627 1024 1692 stabilitati
1047 1625 1198 1714 subjacuit
1223 1635 1255 1692 et

164 1727 327 1793 tarditati:
353 1727 486 1811 fecitque
511 1749 605 1791 cansa
627 1726 769 1803 fortnnae,
792 1735 828 1792 ut
859 1735 892 1792 et
919 1728 976 1812 ipsi
1013 1727 1094 1791 inter
1123 1727 1255 1812 reliquas

162 1836 271 1914 gentes
286 1827 436 1892 Getarum
452 1827 516 1911 regi
532 1825 737 1892 Hermanricu
749 1827 920 1893 servierint.
966 1828 1045 1906 Post
1066 1826 1255 1892 Hernlornm

95 1945 100 1957 ·
166 1928 284 1992 cadam
307 1927 389 1992 idem
413 1925 636 1992 Hermanricus
658 1927 690 1990 in
713 1927 853 1993 Venetos
874 1950 961 1992 arma
982 1927 1168 2003 commovit;
1204 1928 1256 2012 qui

166 2027 307 2111 quamvis
332 2026 425 2091 armis
451 2026 606 2111 desperiti,
634 2027 689 2090 sed
718 2027 938 2092 numerositate
968 2028 1127 2112 pollentes,
1158 2029 1257 2114 primo

166 2128 307 2191 resistere
325 2126 525 2192 conabantur.
571 2125 636 2189 Sed
652 2126 728 2190 nihil
743 2126 825 2191 valet
842 2127 1010 2192 multitudo
1025 2129 1057 2192 in
1074 2127 1164 2204 bello,
1179 2151 1256 2214 prae·

167 2227 274 2292 sertim
300 2227 353 2291 ubi
377 2234 409 2290 et
437 2225 523 2291 Dens
548 2225 713 2311 permittit,
736 2234 768 2290 et
794 2227 962 2291 multitudo
986 2227 1113 2292 fortium
1135 2237 1257 2293 armatu

166 2327 336 2391 advenerit.
389 2325 470 2391 Nam
487 2326 530 2404 hi,
546 2333 583 2392 ut
597 2325 687 2390 initio
702 2325 912 2411 expositionis,
928 2325 978 2392 vel
993 2327 1134 2412 catalogo
1154 2329 1257 2412 gentis

167 2427 268 2491 dicere
291 2427 446 2512 coepim'us,
464 2428 504 2491 ab
527 2449 590 2491 una
611 2427 705 2511 stirpe
723 2426 824 2491 exorti
840 2427 901 2492 tria
915 2449 997 2490 nuuc
1013 2427 1139 2490 nomina
1152 2427 1256 2492 reddi-

167 2527 250 2604 dere,
267 2527 299 2590 id
316 2535 362 2592 est
378 2527 504 2606 Veneti,
521 2528 632 2604 Antea,
651 2525 772 2591 Sclavi:
797 2525 849 2610 q'ui
864 2526 1005 2610 quamvis
1016 2549 1099 2590 nnnc
1114 2527 1159 2591 ita
1182 2527 1257 2591 faoi·

166 2629 290 2693 entibus
304 2628 438 2712 peccatis
456 2627 568 2692 nostris
589 2626 702 2710 ubique
725 2626 908 2703 desaeviunt,
926 2635 1031 2691 tamen
1053 2635 1129 2691 tunc
1151 2649 1257 2693 omnes

169 2727 365 2792 Hermanrici
389 2727 524 2812 imperiis
549 2727 691 2792 serviere.
756 2727 937 2792 Haestornm
965 2749 1086 2811 quoqne
1115 2725 1256 2792 similiter

166 2830 331 2904 nationem,
349 2829 400 2912 qui
424 2827 633 2912 longissimam
656 2827 754 2913 ripam
777 2827 893 2892 Oceani
917 2827 1094 2891 Germanici
1110 2826 1255 2906 insident,

168 2929 250 2992 idem
275 2929 340 3013 ipse
365 2929 530 3014 prudentia
544 2927 658 2992 virtute
682 2929 816 3013 subegit,
838 2927 1040 3012 omnibusque
1061 2927 1199 3013 Scythias
1224 2935 1257 2992 et

170 3029 343 3094 Germaniae
360 3027 547 3102 nationibus,
564 3029 628 3094 acsi
643 3027 775 3113 propriis
789 3028 957 3106 laboribus,
972 3027 1148 3113 imperavit.

216 3129 292 3194 Post
305 3137 411 3194 autem
426 3151 487 3192 non
502 3128 586 3214 longi
602 3129 750 3214 temporis
771 3128 979 3204 intervallum,
1002 3135 1038 3192 ut
1060 3129 1153 3193 refert
1177 3128 1254 3193 Oro-

170 3228 241 3302 sius,
275 3229 462 3294 Hunnorum
489 3251 566 3313 gens
597 3229 680 3292 omni
712 3228 873 3293 ferocitate
902 3227 1035 3293 atrocior
1068 3228 1185 3294 exarsit
1221 3227 1253 3292 in

171 3329 309 3393 Gothos:
334 3352 444 3412 eosque
471 3329 522 3413 qui
546 3329 631 3414 prius
654 3329 758 3394 timori
783 3337 870 3394 erant
890 3329 1009 3393 caeteris
1032 3329 1187 3412 gentibus,
1213 3329 1255 3393 ab

170 3428 305 3512 antiquis
318 3430 500 3493 conterritos
515 3429 632 3514 pepulit
648 3429 781 3494 sedibus.
836 3428 917 3494 Nam
936 3430 1000 3506 hos,
1017 3437 1052 3492 ut
1067 3429 1160 3493 refert
1175 3429 1255 3492 anti-

169 3527 281 3612 quitas,
299 3528 344 3592 ita
368 3529 508 3593 extitisse
533 3531 747 3614 comperimus.
800 3527 928 3594 Filimer
944 3551 1000 3593 rex
1024 3528 1209 3606 Gothorum,
1225 3539 1257 3593 et

171 3627 338 3693 Gandarici
363 3630 467 3713 magni
492 3628 583 3702 filius,
609 3635 678 3715 pust
702 3653 858 3714 egressum
885 3629 1022 3694 Scanziae
1053 3629 1159 3694 iusulae
1187 3626 1202 3715 j

170 3729 277 3812 quintu
300 3729 367 3793 loco
392 3738 501 3793 tenens
526 3729 732 3814 principatum
757 3731 919 3805 Getarum,
936 3730 987 3814 qni
1014 3738 1046 3794 ct
1061 3738 1160 3794 terras
1177 3727 1256 3813 Scy-

169 3829 269 3893 thicas
297 3852 367 3894 cnm
396 3851 452 3894 sua
477 3835 569 3912 gente
598 3829 766 3908 introisset,
790 3831 870 3895 sient
895 3853 915 3895 a
939 3830 1027 3895 nobis
1054 3830 1255 3904 dictumest,

170 3930 305 4014 repperit
320 3930 351 3994 in
367 3929 480 4015 populo
502 3951 558 3993 sno
580 3928 730 4011 quasdam
752 3953 859 4016 magas
880 3931 1032 4008 mulieres,
1056 3953 1131 4014 quas
1156 3929 1256 4015 patrio
1288 4005 1298 4026 ·

169 4051 308 4093 sermone
330 4031 523 4116 Alyrnnrnas
548 4029 574 4093 is
599 4029 664 4114 ipse
692 4032 899 4116 cognominat,
926 4053 1037 4113 casque
1063 4031 1180 4095 habens
1205 4052 1254 4094 sn-

169 4135 290 4213 spectas
319 4129 358 4193 de
384 4130 486 4194 medio
513 4129 561 4196 sui
588 4129 761 4215 proturbat,
789 4130 939 4216 longeque
966 4130 1006 4194 ab
1034 4131 1172 4195 exercitu
1201 4151 1256 4194 suo

168 4229 293 4314 fugatas
313 4229 346 4294 in
368 4229 533 4294 solitudine
550 4230 650 4316 coegit
666 4253 778 4295 errare.
836 4233 921 4311 Quas
935 4230 1091 4295 silvestres
1105 4231 1256 4301 homines,

100 4393 103 4400 .
171 4353 247 4414 quos
275 4328 402 4396 Faunos
430 4329 568 4396 Ficarios
594 4339 714 4410 vocant,
745 4355 800 4417 per
833 4352 970 4394 eremum
1004 4339 1154 4415 vagantes
1183 4329 1258 4392 dum

172 4430 331 4511 vidissent,
350 4438 381 4495 et
396 4453 502 4497 carum
517 4453 550 4495 sc
564 4431 777 4518 complexibus
790 4413 822 4496 in
838 4432 921 4497 coitu
946 4430 1148 4509 miscuissent,
1164 4450 1261 4515 genus
