3158 5122
297 373 359 443 xiv
568 386 644 440 run
670 385 850 440 osnurur
877 385 924 441 or
948 384 1114 440 nrcrrns

298 548 436 613 medium
461 546 508 612 sui
534 545 633 611 dulcis
658 553 706 610 est
730 554 762 610 et
785 545 941 631 potabilis,
965 545 1126 631 piscesque
1152 545 1240 610 nimii
1272 546 1397 632 saporis

298 647 410 734 gignit,
425 647 544 712 ossibus
565 655 717 724 carentes,
733 645 946 730 cartilaginem
968 653 1093 710 tantum
1110 645 1262 711 hahentes
1275 648 1308 721 in
1323 669 1397 710 cor-

300 749 382 833 poris
413 745 646 814 continentiam.
706 745 770 810 Sed
801 747 855 812 ubi
889 744 925 809 fit
955 745 1059 810 Ponto
1089 745 1229 824 vicinior,
1260 769 1394 832 parvum

298 850 417 914 fontem
429 847 567 932 suscipit,
582 842 656 910 cni*
670 868 710 910 ex
722 847 867 932 Ampheo
881 867 1051 930 cognomen
1066 855 1123 924 est,
1140 847 1219 912 odeo
1235 869 1393 926 amarum,

298 957 334 1014 ut
350 971 422 1013 cum
436 947 477 1013 sit
492 971 542 1012 xn.
557 947 676 1011 dierum
697 947 807 1011 itinere
829 945 1021 1032 navigabilis,
1043 945 1135 1031 hujus
1157 947 1246 1031 aquis
1268 946 1393 1032 exiguis

299 1051 492 1126 immutetur,
510 1047 698 1131 infestusque
716 1069 754 1111 ac
776 1047 931 1112 dissimilis
957 1047 1015 1122 sni,
1039 1045 1120 1110 inter
1140 1047 1251 1111 Graeca
1275 1047 1396 1134 oppida

299 1147 469 1234 (lallipidas
491 1156 524 1212 et
546 1147 690 1232 Hipanis,
705 1146 738 1210 iu
755 1169 839 1210 mare
854 1143 979 1211 defluat.
1024 1145 1179 1232 ancujus
1193 1148 1274 1212 ostia
1288 1148 1394 1212 insula

299 1257 347 1314 est
371 1251 404 1314 in
426 1249 539 1324 fronte,
564 1247 698 1313 Achillis
722 1247 854 1311 nomine.
901 1245 989 1310 Inter
1015 1245 1073 1312 hos
1099 1256 1183 1312 terra
1204 1248 1393 1324 vastissima,

299 1349 386 1416 silvis
399 1349 528 1427 consita,
544 1347 708 1434 paludibus
722 1346 828 1412 dubia.

343 1449 408 1515 Hic
433 1471 506 1534 ergo
532 1447 645 1514 Gothis
669 1447 871 1520 morantibus,
908 1445 1044 1512 Vesoces
1069 1447 1300 1532 AEgyptiorum
1331 1470 1392 1512 rex

298 1551 331 1616 in
350 1550 467 1616 bellum
488 1549 596 1614 irruit:
620 1547 731 1631 quibus
745 1555 820 1612 tnnc
837 1545 989 1612 Taunusis
1005 1569 1062 1612 rex
1076 1556 1153 1612 erat.
1198 1547 1268 1628 Quo
1282 1547 1393 1632 proelio

299 1651 341 1716 ad
371 1649 500 1714 Phasim
526 1646 663 1726 fluvium,
692 1669 712 1711 a
737 1669 798 1730 quo
827 1646 978 1712 Phasides
1006 1669 1080 1713 aves
1107 1661 1234 1724 exorte,
1265 1649 1297 1712 in
1319 1655 1393 1712 toto

299 1749 417 1816 mundo
439 1748 550 1814 eduliis
572 1755 735 1833 potentum
756 1748 939 1824 exuberant,
956 1745 1112 1812 Tannasis
1134 1747 1310 1812 Gothomm
1333 1771 1392 1812 rex

301 1849 416 1915 Vesoci
434 1848 663 1934 AEgyptiornm
684 1847 826 1925 occurrit,
850 1869 981 1930 eumque
1002 1847 1140 1930 graviter
1162 1847 1330 1924 debellans,
1358 1847 1392 1912 in

301 1949 483 2036 AEgyptum
509 1969 605 2032 usque
627 1955 805 2032 persecutus
826 1955 894 2012 est:
918 1953 951 2010 et
972 1946 1031 2011 nisi
1054 1946 1124 2012 Nili
1140 1947 1241 2012 amuis
1257 1948 1393 2013 intrans·

301 2049 443 2116 meabilis
457 2048 650 2114 obstitissent
664 2044 790 2123 fluenta,
807 2046 856 2112 rel
871 2046 1067 2124 munitiones,
1084 2069 1162 2132 quas
1176 2047 1296 2112 dudum
1320 2047 1392 2126 sibi,

301 2151 342 2216 ob
362 2149 550 2215 incursiones
564 2147 755 2232 AEthiopum
771 2146 900 2212 Vesocis
914 2145 980 2212 lieri
994 2147 1202 2233 precepisset,
1217 2148 1262 2213 ibi
1276 2149 1308 2212 in
1324 2145 1395 2232 ejus

301 2274 372 2316 enrn
397 2249 499 2336 patria
521 2247 715 2314 extinxisset.
767 2246 831 2311 Sed
855 2246 932 2311 dnm
956 2269 1027 2312 enm
1051 2269 1171 2333 semper
1193 2248 1238 2313 ibi
1253 2247 1394 2333 positum

301 2375 363 2416 non
378 2350 524 2415 valuisset
538 2348 659 2428 ledere,
674 2353 830 2412 revertens
844 2369 922 2433 pene
938 2369 1062 2411 omnem
1077 2349 1187 2412 Asiam
1202 2345 1394 2434 subjugavit,

302 2459 335 2517 et
349 2450 407 2518 sibi
423 2457 498 2516 tuno
520 2471 591 2514 caro
616 2447 716 2512 amico
741 2445 840 2511 Sorno
863 2470 935 2532 rege
961 2447 1127 2512 Medorum
1150 2447 1192 2512 ed
1215 2449 1395 2535 persolven-

301 2552 377 2618 dum
402 2550 565 2628 tributum,
592 2547 751 2612 subditum
777 2547 861 2613 fecit.
905 2545 958 2611 Ex
983 2545 1070 2633 cujus
1094 2547 1233 2614 exercitu
1257 2549 1396 2616 victores

302 2659 378 2718 tnnc
399 2650 538 2716 nonnulli
559 2648 732 2734 provincias
752 2645 892 2713 subditas
905 2654 1096 2726 contuentes,
1113 2655 1145 2714 et
1159 2648 1191 2712 in
1206 2649 1291 2712 omni
1304 2647 1394 2714 ferti·

300 2753 391 2818 litate
414 2751 574 2837 pollentes,
593 2747 714 2812 desem
741 2769 866 2812 suorum
887 2747 1010 2833 agmine
1033 2755 1143 2834 sponte
1166 2749 1198 2814 iu
1216 2749 1302 2814 Asiae
1316 2771 1393 2834 par·

300 2853 385 2920 tibus
411 2851 600 2918 resederunt.
661 2847 713 2912 Ex
739 2868 868 2931 quornm
892 2846 1016 2912 nomine
1041 2848 1089 2912 rel
1122 2869 1235 2933 genere
1266 2849 1395 2934 Trogus

303 2952 473 3038 Pompeius
488 2949 678 3016 Parthorum
694 2946 770 3012 dicit
792 2947 931 3013 extitisse
948 2948 1134 3033 prosapiam.
1180 2948 1276 3014 Unde
1293 2950 1393 3016 etiam

300 3053 452 3136 hodieque
473 3052 579 3137 lingua
596 3047 747 3135 Scythica
769 3046 903 3132 fugaces,
920 3047 1003 3131 quod
1017 3056 1064 3112 est
1081 3047 1204 3124 Parthi,
1222 3049 1391 3114 dicuntur:

301 3175 416 3238 suoque
432 3151 537 3238 generi
553 3146 784 3235 respondentes,
810 3148 892 3212 iuter
914 3169 1021 3213 omnes
1043 3170 1122 3232 pene
1137 3149 1223 3214 Asiae
1250 3151 1393 3216 nationes

300 3254 357 3320 soli
381 3252 533 3338 sagittarii
558 3258 641 3326 sunt,
664 3255 696 3312 et
717 3247 858 3312 acerrimi
875 3247 1050 3314 bellatores.
1101 3247 1152 3313 De
1165 3249 1291 3314 nomine
1306 3271 1392 3328 vero,

301 3352 384 3438 qnod
400 3352 537 3418 diximus
551 3371 603 3416 eos
620 3347 765 3424 Parthos,
781 3347 814 3412 id
830 3355 878 3412 est
892 3347 1027 3433 fugaces,
1043 3347 1089 3412 ita
1104 3349 1255 3432 aliquanti
1270 3359 1393 3437 etymo-

300 3453 416 3538 logiam
443 3457 616 3526 traxerunt,
643 3455 679 3514 ut
707 3447 882 3512 dicerentur
907 3447 1029 3527 Parthi,
1055 3449 1129 3532 qnia
1156 3471 1228 3514 snos
1251 3450 1393 3535 refugere

300 3561 454 3640 parentes.
508 3549 603 3616 Hunc
626 3571 699 3634 ergo
720 3547 887 3613 Taunesim
909 3570 1013 3634 regern
1035 3547 1210 3613 Gothorum
1234 3558 1394 3616 mortuum

300 3654 381 3719 inter
395 3652 524 3718 numina
540 3651 587 3716 sni
602 3649 707 3735 populi
722 3647 892 3716 coluerunt.

344 3753 422 3820 Post
449 3750 536 3840 cujus
563 3750 723 3816 decessum
744 3747 882 3812 eremita
904 3745 970 3832 ejus
992 3769 1063 3814 cunr
1096 3771 1270 3816 successore
1294 3749 1395 3836 ipsius

300 3854 332 3919 in
358 3853 426 3920 aliis
448 3852 590 3941 partibus
618 3848 848 3936 expeditionem
874 3857 1010 3934 gerente,
1034 3848 1155 3915 femine
1174 3849 1351 3916 Gothorum
1372 3875 1394 3918 a

299 3955 434 4039 quadem
450 3954 551 4019 vicina
574 3959 668 4038 gente
695 3956 834 4026 tentare,
858 3949 891 4012 in
920 3948 1116 4034 predamque
1138 3949 1240 4014 ducta
1263 3973 1284 4014 e
1307 3953 1393 4032 viris,

298 4053 421 4121 fortiter
444 4055 636 4129 restiterunt,
664 4050 829 4132 hostesque
854 4069 996 4134 superse
1015 4049 1172 4116 venientes
1188 4073 1260 4114 cum
1275 4073 1393 4138 magna

297 4154 484 4222 verecundia
498 4154 681 4240 abegerunt.
732 4148 803 4229 Qua
823 4157 934 4233 parata
948 4149 1086 4228 victorie,
1109 4149 1259 4234 fretaque
1280 4150 1391 4238 majori

298 4255 438 4331 audacia,
456 4254 587 4320 invicem
609 4275 642 4318 se
668 4250 875 4325 cohortantes,
894 4271 981 4313 erma
1000 4250 1161 4335 arripiunt,
1180 4251 1391 4337 eligentesque

634 4378 652 4411 *
666 4375 790 4445 Compare
801 4374 954 4440 Herodotus,
967 4375 1003 4427 iv.
1018 4378 1061 4428 52.
