3088 5080
545 453 839 512 unusneonnrn.
1127 441 1240 512 lxxxv

143 617 265 702 generis
286 619 376 704 copia
397 616 512 697 delicit,
528 619 625 684 etiam
646 617 688 682 sd
709 615 920 682 innocentium
942 615 1093 702 supplicia
1110 617 1236 684 descen-

146 716 235 782 dunt.

188 817 308 884 XVII.
335 818 438 884 Deum
473 819 610 884 maxime
653 818 845 883 Mercurium
872 817 998 884 colunt:
1032 815 1124 902 hujus
1160 827 1234 884 sunt

141 916 276 1002 plurium
297 919 469 998 simulacra,
493 920 575 984 hune
598 919 737 984 omnium
762 918 954 984 inventorem
978 918 1092 984 artium
1119 917 1232 997 ferunt,

140 1017 223 1082 huuc
240 1019 360 1084 viarum
374 1028 467 1104 atque
483 1021 630 1086 itinerum
654 1020 775 1096 ducem,
791 1019 873 1084 hunc
890 1019 932 1084 sd
946 1027 1082 1103 quaestus
1097 1019 1233 1104 pecunia

140 1127 389 1203 mercaturasque
403 1120 517 1185 habere
533 1122 597 1185 vim
614 1120 784 1184 maximam
801 1119 1001 1184 arbitrantur.
1047 1118 1123 1184 Post
1140 1119 1233 1196 hunc,

140 1216 317 1302 Apollinem
335 1229 367 1285 et
381 1220 521 1286 Martem
536 1229 568 1286 et
583 1219 606 1284 J
608 1243 697 1286 ovem
713 1229 745 1284 et
757 1220 954 1286 Minervam:
979 1220 1018 1284 de
1033 1219 1233 1287 hiscamdem

141 1317 214 1395 fere,
246 1343 340 1404 quam
367 1320 492 1407 reliqum
523 1329 641 1406 gentes,
672 1320 789 1386 habent
817 1320 1015 1404 opinionem
1052 1320 1231 1406 Apollinem

139 1418 263 1485 morbos
278 1420 442 1506 depellere,
463 1421 637 1486 Minervam
655 1442 783 1506 operum
805 1428 900 1504 atque
920 1418 1121 1486 artificiorum
1144 1421 1233 1486 initia

139 1519 320 1596 transdere;
348 1521 368 1584 J
372 1543 461 1587 ovem
475 1523 640 1608 imperium
657 1521 827 1586 caelestium
842 1529 968 1595 tenere;
994 1521 1131 1586 Martem
1148 1521 1231 1586 bella

139 1642 255 1705 regere.
302 1620 397 1700 Huic,
422 1646 517 1708 quum
540 1623 644 1709 proelio
668 1623 814 1687 dimicare
836 1611 1074 1699 constituerunt,
1098 1643 1144 1700 ea,
1162 1645 1230 1707 qum

139 1719 220 1785 bello
241 1722 389 1807 ceperint,
405 1722 584 1809 plerumque
611 1723 775 1788 devovent.
821 1722 898 1804 Quae
925 1721 1148 1808 superaverint,
1165 1725 1231 1788 ani·

138 1820 233 1884 melia
248 1829 340 1906 capta
357 1823 543 1899 immolant;
567 1824 699 1908 reliquas
716 1845 764 1888 res
779 1823 811 1887 in
827 1845 924 1888 unum
938 1822 1042 1888 locum
1057 1822 1230 1888 conferunt.

143 1918 255 1985 Multis
278 1922 310 1985 in
335 1922 514 1988 civitatibus
534 1924 645 1989 harum
671 1946 772 1988 rerum
797 1931 972 1988 exstructos
998 1923 1134 1988 tumulos
1156 1922 1232 1990 lucis

139 2021 327 2086 consecratis
348 2023 517 2107 conspicari
539 2024 631 2088 lieet:
659 2045 758 2107 neque
779 2046 861 2108 saepe
882 2024 1006 2099 accidit,
1025 2031 1071 2101 ut,
1090 2024 1232 2109 neglecta

140 2120 293 2205 quispiam
312 2121 468 2208 religione,
493 2130 549 2187 aut
573 2132 666 2208 cepta
691 2122 776 2208 apud
804 2146 836 2188 se
862 2124 1027 2202 occultare,
1048 2134 1103 2189 aut
1129 2126 1231 2210 posits

141 2220 249 2285 tollere
272 2221 422 2296 auderet3
449 2223 724 2308 gravissimumque
743 2222 770 2286 ei
792 2223 836 2287 rei
860 2225 1044 2310 supplicium
1066 2247 1138 2290 cum
1160 2249 1230 2290 cru-

141 2321 225 2384 ciatu
242 2323 447 2387 coustitutum
463 2331 520 2414 est.

184 2419 322 2486 XVIII.
347 2423 431 2486 Galli
461 2445 494 2489 se
525 2445 633 2489 omnes
662 2423 703 2488 ab
726 2424 801 2489 Dite
833 2430 921 2508 patre
950 2431 1118 2508 prognatos
1152 2445 1229 2508 prm·

139 2521 255 2596 dicant,
269 2522 362 2608 idque
373 2524 414 2588 ab
425 2524 598 2590 Druidibus
613 2523 771 2610 proditum
784 2522 903 2588 dicunt.
947 2522 997 2588 Ob
1010 2545 1079 2588 eam
1091 2545 1230 2588 caussam

139 2623 242 2706 spatia
270 2625 369 2689 omnis
402 2626 551 2710 temporis
586 2647 647 2689 nou
681 2647 810 2690 numero
841 2623 972 2699 dierum,
1006 2623 1061 2688 sed
1090 2621 1229 2686 noctium

139 2721 271 2797 liniunt;
301 2723 367 2790 dies
388 2726 509 2792 natales
536 2735 568 2791 et
592 2726 745 2790 meusium
771 2732 803 2789 et
823 2745 975 2788 annorum
997 2722 1085 2788 initia
1107 2722 1150 2786 siu
1174 2723 1231 2787 ob-

136 2833 271 2903 serrant,
287 2833 323 2888 nt
345 2833 469 2890 noctem
493 2825 559 2892 dies
579 2826 795 2910 subsequatur.
841 2824 880 2888 In
902 2824 1027 2908 reliquis
1048 2823 1121 2888 vitae
1144 2823 1231 2888 insti-

137 2925 215 2988 tutis
239 2924 298 2989 hoc
321 2925 385 2990 fere
412 2926 452 2990 ab
479 2926 604 3012 reliquis
633 2926 792 3002 differunt,
819 2925 901 3009 quod
925 2948 997 2990 suos
1022 2924 1143 3001 liberos,
1172 2923 1231 2988 nisi

138 3047 234 3107 quum
256 3025 456 3103 adoleverint,
473 3035 509 3092 ut
530 3049 643 3092 munus
667 3026 785 3091 militiae
808 3026 959 3090 sustinere
981 3026 1110 3110 possint,
1125 3023 1228 3111 palam

136 3124 178 3188 od
199 3147 231 3189 se
252 3125 338 3190 adire
358 3149 417 3190 nun
442 3128 614 3212 patiuntur,
631 3125 787 3211 filiumque
804 3125 913 3211 puerili
931 3132 1024 3190 aetate
1048 3125 1080 3190 in
1095 3123 1228 3210 publico,

138 3224 169 3288 in
185 3235 353 3312 conspectu
368 3227 476 3312 patris,
491 3227 652 3303 adsistere,
668 3236 759 3312 tnrpe
777 3225 905 3292 ducunt.

182 3325 287 3391 XIX.
311 3327 392 3406 Viri,
419 3335 551 3411 quantos
580 3329 726 3413 pecunias
748 3326 788 3391 ab
813 3326 963 3391 uxoribus
993 3326 1076 3390 dotis
1105 3326 1229 3390 nomine

138 3435 333 3512 acceperuut,
368 3434 475 3493 tantas
504 3451 545 3492 ex
573 3429 637 3493 suis
668 3427 765 3502 bonis,
794 3426 1000 3492 aestimatione
1028 3427 1122 3502 facta,
1157 3448 1228 3490 cum

137 3527 263 3593 dotibus
296 3528 539 3594 communicant.
597 3525 704 3614 Hujus
738 3526 839 3592 omnis
870 3526 1007 3611 pecuniae
1039 3524 1228 3611 conjunctim

136 3629 216 3693 ratio
231 3629 373 3708 habetur,
389 3628 568 3712 fructusque
579 3635 759 3694 servantur:
783 3634 854 3691 nter
865 3649 971 3692 eorum
983 3627 1049 3691 vita
1063 3625 1228 3711 superarit,

134 3728 175 3793 ad
198 3752 269 3794 eum
291 3751 363 3814 pars
385 3729 546 3812 utriusque
572 3751 643 3793 eum
664 3728 817 3793 fructibus
838 3728 1030 3812 superiorum
1052 3733 1229 3812 temporum

136 3830 287 3914 pervenit.
343 3829 414 3894 Viri
448 3829 481 3894 in
509 3851 632 3906 uxores,
660 3829 751 3894 sicuti
777 3828 809 3892 in
835 3826 956 3905 liberos,
980 3827 1054 3891 vita
1084 3825 1228 3912 necisque

135 3928 251 3995 hubent
273 3937 480 4018 potestatem:
508 3937 549 4008 et,
574 3952 669 4013 quum
694 3936 784 4014 pater
808 3927 943 4004 familia,
972 3926 1138 3992 illustriore
1159 3927 1230 3991 loco

135 4037 236 4106 natus,
253 4029 394 4113 decessit,
412 4026 478 4116 ejus
492 4029 655 4116 propinqui
677 4029 864 4094 conveniunt
887 4037 930 4104 et,
949 4025 988 4092 de
1010 4035 1110 4092 morte
1132 4026 1157 4090 si
1177 4049 1229 4092 res

135 4130 167 4194 iu
192 4131 397 4216 suspicionem
417 4130 511 4209 venit,
534 4130 573 4195 dc
596 4130 746 4196 uxoribus
770 4129 804 4193 in
826 4128 967 4193 servilem
992 4127 1118 4192 modum
1143 4149 1226 4211 qua-

134 4229 266 4295 stiouem
291 4231 408 4297 habeut
432 4239 474 4309 et,
505 4231 530 4297 si
562 4238 754 4317 compertum
781 4238 841 4302 est,
869 4229 933 4314 igni
961 4235 1054 4312 atque
1081 4227 1225 4294 omuibus

134 4330 299 4395 tormentis
327 4330 517 4398 excrutiatas
546 4329 762 4400 interficiunt..
798 4328 925 4394 Funera
951 4338 1022 4394 suut
1052 4349 1108 4413 pru
1136 4327 1223 4392 cultu

135 4431 298 4498 Gallorum
312 4429 476 4518 magnifica
493 4439 525 4497 et
542 4439 745 4519 sumptuosa;
771 4429 944 4514 omniaque,
960 4451 1028 4514 quae
1044 4429 1122 4494 vivis
1139 4427 1226 4494 cordi
