3150 5136
567 463 847 520 EPILEGOMENA.
1166 455 1253 522 xxxi

160 651 226 694 ease
253 629 410 706 deletam
441 628 500 695 nisi
529 629 610 693 forte
643 627 716 711 quia
744 626 813 692 loca
840 625 960 704 eadem,
985 627 1038 693 ubi
1071 627 1137 695 hac
1167 639 1258 717 gesta

161 729 311 809 feruntur,
338 754 400 796 nou
428 731 504 796 satis
525 727 781 812 historiographis
805 735 881 792 nota
904 727 1039 807 filerunt,
1066 738 1099 794 et
1127 731 1182 795 vix
1214 733 1254 797 ab

160 829 263 915 aliquo
279 853 383 896 eorum
399 831 527 915 vulgata
543 837 626 905 sunt,
642 826 708 892 fieri
724 827 871 920 potuerit,
887 835 1034 913 utusque
1056 829 1097 894 ad
1120 831 1152 895 id
1174 841 1254 896 tem·

162 1052 219 1116 ego
245 1032 351 1096 referri
373 1053 392 1096 a
417 1029 604 1115 quibusdam
629 1027 745 1104 audivi,
767 1050 864 1112 usque
889 1028 982 1093 hodie
996 1030 1028 1093 in
1043 1030 1161 1099 intimis
1177 1033 1255 1099 Ger·

160 1131 272 1195 maniae
289 1131 401 1197 linibus
417 1139 543 1217 gentem
558 1131 669 1193 harum
686 1129 820 1194 existere
837 1128 1032 1196 feminarum.

203 1232 306 1297 XVI.
329 1232 432 1317 Igitur
453 1237 643 1295 transmeato
671 1228 879 1313 Lougobardi,
907 1229 946 1293 de
970 1251 1031 1314 quo
1064 1229 1253 1310 dixeramus,

158 1327 295 1408 domine,
313 1354 384 1397 cum
399 1332 441 1397 ad
454 1331 618 1396 ulteriores
631 1337 731 1394 terras
745 1329 966 1414 pervenissent,
982 1330 1045 1395 illic
1059 1354 1115 1416 per
1129 1338 1253 1418 tempus

160 1431 286 1516 aliquod
314 1431 597 1498 commorabantur.
644 1427 770 1494 Interea
794 1451 865 1493 cum
887 1429 964 1494 nibil
980 1431 1104 1496 adversi
1118 1435 1256 1518 suspica-

159 1541 276 1611 rentur,
303 1540 335 1598 et
361 1540 464 1600 essent
488 1530 596 1616 quieti,
621 1528 714 1616 longa
741 1529 834 1595 nimis
860 1531 1019 1608 securitas,
1043 1553 1110 1615 quae
1135 1555 1257 1619 semper

160 1632 418 1698 detrimentorum
443 1639 544 1696 mater
558 1638 617 1706 est,
633 1631 677 1696 eis
693 1653 756 1694 non
770 1630 925 1696 modicam
943 1633 1108 1717 perniciem
1124 1635 1255 1720 peperit.

161 1733 266 1797 Noctu
292 1732 424 1816 deniqne
448 1755 519 1796 eum
544 1729 734 1816 negligentia
759 1730 888 1795 resoluti
915 1733 1108 1815 quiescerent
1139 1735 1254 1813 cuncti,

161 1834 271 1899 subito'
290 1855 382 1919 super
408 1854 460 1896 eos
488 1831 638 1916 Bulgares
662 1830 822 1906 irruentes,
845 1833 949 1917 plures
974 1855 1014 1896 ex
1041 1833 1079 1898 iis
1102 1835 1255 1910 sauciant,

160 1934 278 1998 multos
299 1939 509 2018 prosternunt,
529 1939 560 1995 et
575 1930 608 1994 in
623 1937 747 1994 tantum
763 1953 939 2015 percorum
954 1941 1057 1997 caetra
1072 1933 1254 2000 debacchati

162 2040 245 2112 sunt,
262 2041 297 2097 nt
312 2033 414 2118 ipsum
432 2030 666 2116 Agelmuudum
681 2053 785 2115 regem
800 2030 1019 2108 interficerent,
1038 2030 1165 2120 ejusque
1186 2035 1257 2100 uni-

162 2155 233 2197 cam
248 2131 343 2198 filiam
361 2140 443 2196 sorte
460 2130 654 2216 captivitatis
668 2129 835 2196 auferrent.

154 2267 156 2273 v
214 2232 336 2297 XVII.
370 2232 551 2316 Resnmptis
580 2239 685 2296 tamen
717 2237 787 2316 post
814 2230 882 2295 haec
912 2231 1110 2298 incommoda
1134 2234 1257 2321 Longo-

163 2332 253 2397 bardi
266 2333 392 2409 viribus,
411 2331 647 2406 Lamissionem,
663 2331 702 2394 de
728 2352 789 2415 quo
817 2331 957 2416 superius
983 2333 1172 2412 dixeramus,
1198 2336 1256 2401 eibi

162 2456 267 2520 regem
294 2433 531 2499 constituerunt.
577 2430 698 2513 Quint
723 2438 791 2495 erat
808 2427 940 2516 juvenili
955 2440 1049 2498 aetate
1063 2435 1210 2512 fervidus,
1226 2444 1259 2500 et

163 2533 205 2598 ad
228 2533 302 2599 belli
325 2533 496 2598 certamina
517 2531 594 2597 satis
616 2539 786 2616 promptus,
810 2553 871 2596 nou
888 2532 975 2597 aliud
989 2533 1049 2599 nisi
1064 2533 1257 2620 Agelmundi

125 2693 129 2704 ,
164 2651 271 2699 necem
286 2634 391 2700 ulcisci
407 2633 541 2718 cupiens,
555 2634 587 2697 in
603 2631 754 2716 Balgares
768 2653 856 2696 arma
879 2633 1043 2699 convertit.
1088 2634 1256 2720 Primoque
1376 2655 1381 2666 ¹

163 2735 269 2819 proelio
293 2755 367 2799 mox
393 2733 565 2810 cummium,
593 2732 792 2818 Longobardi
820 2733 962 2799 hostibus
986 2741 1075 2820 terga
1090 2735 1202 2801 dantes
1215 2736 1256 2802 ad

163 2844 266 2901 eastra
282 2835 449 2920 refugiunt.
502 2833 590 2897 Tunc
604 2855 661 2896 rex
678 2832 829 2898 Lamissio
844 2833 905 2899 ista
919 2835 1119 2920 conspiciens,
1135 2836 1257 2902 eleuata

163 2935 256 3001 altius
265 2958 340 3006 voce
355 2934 439 2999 omni
454 2931 604 2998 exercitui
621 2932 755 2997 clamare
770 2933 871 3019 coepit,
884 2942 921 2998 ut
937 2937 1171 3020 opprobriorum
1188 2959 1256 3021 quar

164 3038 364 3121 pertulerant,
382 3033 660 3111 reminiscerentur,
678 3041 919 3118 revocarentque
930 3043 1014 3104 ,aute
1036 3036 1141 3102 oculos
1164 3037 1257 3102 dede·

164 3157 227 3212 cus,
251 3135 405 3221 quomodo
427 3157 533 3200 eorum
548 3155 653 3220 regem
667 3133 772 3199 hostes
780 3131 1004 3220 jugulaverint,
1023 3159 1116 3220 quam
1131 3138 1256 3203 misera-

163 3235 267 3301 biliter
292 3235 358 3321 ejus
382 3244 500 3313 natam,
527 3256 620 3318 quam
646 3233 704 3298 sibi
730 3233 870 3319 reginam
886 3242 1082 3320 optaverant,
1100 3239 1257 3323 captivam

164 3334 369 3401 abduxerant.
421 3335 585 3400 Postremo
606 3334 761 3409 hortatur,
784 3343 820 3398 ut
842 3358 874 3400 se
896 3357 1028 3420 suosque
1044 3338 1139 3403 armis
1153 3338 1258 3404 defen·

165 3435 284 3513 derent,
300 3435 410 3500 melius
424 3457 489 3500 esse
512 3434 618 3500 dicens
639 3433 671 3498 in
693 3433 774 3499 bello
796 3435 932 3501 animam
954 3459 1078 3522 ponere,
1103 3461 1196 3522 quam
1222 3448 1258 3504 ut

164 3536 237 3600 vilia
255 3535 409 3620 mancipia
423 3534 560 3599 hostiurn
575 3533 716 3600 ludibriis
732 3533 901 3620 subjacere.
954 3536 1034 3602 Haec
1060 3546 1092 3602 et
1116 3536 1257 3624 hujusce·

164 3635 249 3699 modi
265 3635 435 3700 vociferans
451 3655 523 3698 cum
540 3632 668 3712 diceret,
686 3642 718 3699 et
743 3657 825 3699 nunc
848 3635 950 3716 minis,
973 3659 1056 3704 nunc
1082 3639 1256 3724 promissio·

164 3735 266 3810 nibus,
288 3735 330 3799 ad
354 3733 517 3799 toleranda
538 3755 645 3798 eorum
666 3735 784 3799 animos
801 3736 873 3801 belli
888 3738 1061 3802 certamina
1077 3740 1254 3804 roboraret:

163 3835 189 3899 si
212 3858 304 3920 quem
326 3835 421 3900 etiam
443 3833 562 3900 servilis
583 3833 766 3900 conditionis
790 3845 979 3922 pugnantem
1002 3839 1142 3913 vidisset,
1166 3839 1279 3905 liber·-

162 3944 230 4000 tate
243 3959 314 4001 cum
327 3935 417 4002 simul
430 3957 502 4000 cum
513 3933 648 4020 praemiis
663 3934 803 4002 donaret.
851 3936 992 4002 Tandem
1007 3937 1136 4003 hortatu
1151 3961 1255 4004 exem-

164 4035 274 4120 ploque
300 4036 455 4123 principis,
475 4031 534 4120 ¹qui
561 4033 678 4120 primus
704 4033 745 4099 ad
769 4033 885 4102 bellum
911 4037 1095 4122 prosilierat,
1123 4041 1254 4119 accensi,

164 4158 256 4222 super
278 4137 383 4202 hostes
401 4137 532 4213 irruunt,
550 4143 690 4221 pugnant
708 4136 864 4214 atrociter,
880 4147 912 4202 et
936 4161 1049 4223 magna
1063 4138 1257 4206 adversarios

163 4237 250 4301 clade
282 4243 489 4322 prosternunt,
521 4235 709 4320 tandemque
739 4236 778 4300 de
806 4237 976 4303 victoribus
1005 4239 1167 4304 victoriam
1205 4263 1256 4304 oa-

164 4338 294 4422 pientes,
323 4343 388 4400 tam
415 4337 494 4421 regis
525 4335 627 4414 funus,
652 4358 744 4420 quam
777 4338 918 4422 proprias
947 4335 1077 4424 injurias
1104 4339 1259 4404 ulciscun-

164 4447 226 4502 tur.
272 4437 361 4502 Tnno
384 4459 499 4520 magna
518 4434 557 4500 de
584 4436 719 4502 hostium
745 4437 865 4504 exuviis
888 4437 994 4522 praeda
1020 4439 1122 4524 potiti,
1146 4462 1187 4504 ex
1207 4441 1260 4504 illo
