3150 5136
319 438 377 506 xvi
590 455 666 510 rna
691 454 872 510 annuant
899 454 946 509 οι
971 453 1137 509 neonus.

313 612 393 700 jugo
423 614 464 680 ad
494 615 632 701 Ripheoe
653 639 750 701 usque
777 625 899 681 montes
924 614 1113 681 extenditur.
1173 614 1319 700 Indeque
1345 617 1434 701 Scy·

321 714 413 779 thicis
426 717 570 800 gentibus
585 716 675 782 dorso
690 740 745 782 suo
760 717 927 781 terminum
942 717 1092 802 prebens,
1105 715 1147 780 ad
1162 714 1307 780 Pontum
1322 738 1433 800 usque

323 814 500 880 descendit:
529 817 736 901 consertisque
759 817 897 895 collibus,
925 815 1028 882 Histri
1055 838 1175 901 quoque
1198 814 1321 880 fluenta
1349 839 1430 880 con-

322 913 426 1000 tingit,
444 939 504 1000 quo
526 917 624 981 amnis
642 917 752 982 scissus
768 917 939 992 dehiscens,
955 917 985 980 in
1005 913 1136 1004 Scythia
1151 939 1273 1001 quoque
1292 916 1428 982 Taurus

322 1024 461 1080 vocatur.
513 1016 599 1082 Talis
627 1039 700 1104 ergo
725 1025 901 1100 tantusque,
928 1024 959 1080 et
983 1037 1059 1101 pene
1083 1015 1220 1081 omnium
1243 1018 1424 1094 maximus,

322 1115 460 1181 excelsas
485 1139 557 1182 suae
578 1117 698 1203 erigens
719 1117 923 1194 summitates,
945 1117 1080 1182 naturali
1094 1117 1319 1182 constructioni
1338 1141 1426 1202 prae-

321 1222 385 1280 stat
399 1216 544 1302 gentibus
558 1217 798 1303 inexpugnanda
812 1216 991 1281 munimina.
1037 1216 1119 1280 Nam
1133 1217 1257 1280 locatim
1270 1218 1423 1296 resciens,

324 1338 386 1400 qua
411 1317 551 1402 disrupto
570 1317 648 1405 jugo
665 1317 754 1382 vallis
777 1317 866 1381 hiatu
885 1317 1028 1401 patescit,
1047 1339 1127 1381 nunc
1151 1316 1278 1401 Caspias
1294 1325 1420 1402 portas,

323 1439 405 1482 nunc
434 1417 610 1494 Armenias,
641 1439 722 1482 nunc
754 1417 875 1494 Oilicae,
902 1418 950 1481 vel
981 1417 1150 1482 secundum
1178 1417 1280 1480 locum
1314 1419 1422 1501 qualis

322 1515 425 1596 trent,
442 1517 536 1592 facit;
561 1517 614 1581 vix
629 1527 733 1581 tamen
751 1517 889 1602 plaustro
903 1516 1052 1596 meabilis,
1074 1517 1222 1581 lateribus
1245 1517 1277 1579 in
1304 1518 1421 1583 altitu-

324 1616 428 1682 dinem
452 1619 607 1702 utrimque
632 1616 766 1696 directis,
789 1618 842 1701 qui
869 1638 925 1702 pro
950 1617 1090 1702 gentium
1114 1615 1266 1681 varietate
1288 1617 1418 1682 diverso

323 1717 474 1782 vocabulo
483 1725 688 1802 nuncupatur.
712 1716 807 1782 Hunc
817 1717 898 1781 enim
910 1716 1075 1792 Iamninm,
1087 1739 1161 1780 mox
1171 1717 1419 1801 Propanismnm

326 1815 424 1880 Indus
438 1818 584 1902 appellat.
634 1817 774 1884 Parthus
786 1817 919 1902 primum
937 1816 1058 1891 Castra,
1075 1825 1143 1901 poet
1159 1815 1288 1880 Nifaccn
1305 1818 1418 1886 edicit.

326 1917 425 2001 Syrus
437 1926 468 1981 et
486 1917 655 1983 Armenius
671 1917 809 1981 Taurum
822 1943 831 1989 3
857 1916 984 2004 Scytha
1001 1917 1175 1981 Caucasum
1189 1939 1226 1980 ac
1241 1915 1416 2002 Ripheum

325 2018 497 2102 iterumque
523 2018 554 2082 in
580 2016 641 2082 fine
673 2017 810 2082 Taurum
840 2019 1075 2102 cognominant:
1107 2015 1228 2100 alisque
1250 2018 1419 2101 complura
1546 1998 1553 2065 i

325 2125 434 2202 gentes
446 2117 599 2204 hniojngo
613 2116 725 2182 dedere
734 2116 894 2183 vocabula.
919 2116 961 2182 Et
973 2117 1045 2202 quis
1054 2116 1093 2180 de
1104 2114 1170 2202 qius
1178 2117 1418 2183 continuatione

304 2219 310 2232 “
325 2240 425 2304 pauca
439 2218 612 2296 libavimus,
627 2217 669 2282 ad
682 2219 868 2296 Amazones,
886 2217 967 2282 unda
980 2217 1171 2294 divertimus,
1186 2217 1364 2282 redeamus.

369 2317 488 2384 Veritae
503 2320 562 2395 he,
578 2341 616 2384 na
639 2340 745 2383 aarum
771 2317 871 2403 proles
891 2325 1069 2393 raresceret,
1092 2339 1113 2381 a
1133 2316 1241 2382 vicinis
1265 2318 1420 2402 gentibus

325 2419 523 2484 concubitum
549 2419 726 2505 petierunt;
754 2417 839 2482 facta
863 2417 1001 2482 nundina
1023 2418 1117 2482 semel
1142 2418 1174 2482 in
1195 2439 1286 2492 anno,
1305 2416 1352 2482 ita
1381 2429 1420 2484 ut

324 2519 437 2585 futuris
462 2519 653 2604 temporibus
678 2517 722 2583 eie
747 2516 859 2582 deinde
873 2518 1098 2583 revertentibus
1112 2517 1144 2581 in
1165 2517 1310 2602 idipsum,
1327 2520 1420 2602 quic-

324 2619 400 2704 quid
423 2628 531 2705 partus
547 2617 708 2684 masculini
723 2617 880 2695 edidisset,
895 2618 976 2703 patri
989 2618 1152 2682 redderet:
1177 2617 1324 2702 quicquid
1339 2641 1419 2684 vero

323 2720 447 2785 feminei
475 2741 568 2786 sexus
591 2729 778 2797 nasceretur,
806 2726 907 2782 mater
937 2717 978 2782 ad
1008 2708 1096 2782 arma
1127 2718 1236 2782 bellica
1262 2719 1419 2784 erudiret.

325 2820 408 2896 Sive,
436 2828 470 2885 ut
498 2817 682 2904 quibusdum
705 2818 817 2904 placet,
844 2817 937 2883 editis
950 2817 1096 2894 maribus,
1109 2818 1263 2882 novercali
1277 2818 1350 2883 odio
1368 2819 1419 2884 in-

324 2919 419 2985 fantie
443 2918 609 2984 miserandi
633 2917 699 2983 fata
721 2918 924 3003 rumpebant:
960 2917 1006 2982 ita
1027 2918 1110 3002 apud
1132 2918 1200 2984 illas
1226 2917 1419 2984 detestabile

324 3020 519 3104 puerperium
546 3027 623 3096 erat,
650 3018 733 3102 quod
760 3017 873 3102 ubique
899 3026 1021 3083 constat
1046 3040 1112 3084 esse
1137 3018 1287 3084 votivum.
1334 3019 1418 3101 Quae

323 3119 490 3184 crudelitas
506 3117 566 3184 illis
576 3125 727 3183 terrorem
745 3140 893 3202 magnum
908 3118 1096 3198 cumulabat,
1113 3118 1255 3204 opinione
1271 3118 1418 3204 vulgata.

324 3218 406 3282 Nam
432 3241 510 3306 quea,
534 3240 617 3303 rogo,
641 3241 710 3304 spes
735 3227 816 3284 esset
837 3225 942 3303 capto,
964 3217 1018 3282 ubi
1040 3219 1157 3303 ignosci
1169 3218 1219 3282 vel
1241 3216 1303 3284 lilio
1325 3221 1419 3285 nefas

322 3319 517 3384 habebatur?
562 3317 678 3383 Contra
703 3319 771 3394 hae,
801 3326 837 3383 ut
864 3318 971 3396 fertur,
995 3319 1153 3402 pugnabat
1175 3317 1348 3393 Hercules;
1382 3329 1419 3384 et

324 3418 466 3484 Melanos
488 3441 564 3503 pene
586 3418 655 3503 plus
672 3418 753 3496 dolo,
769 3441 862 3503 quam
879 3418 995 3482 virtute
1009 3418 1142 3504 subegit.
1187 3418 1324 3483 Theseus
1340 3441 1418 3484 vero

324 3518 510 3604 Hippoliten
535 3517 567 3581 in
591 3517 727 3602 praedam
753 3518 836 3592 tulit,
861 3519 899 3582 de
923 3539 984 3602 qua
1010 3519 1117 3602 genuit
1138 3527 1171 3583 et
1188 3517 1417 3605 Hippolytum.

323 3618 384 3684 Hae
400 3641 520 3703 quoque
533 3618 707 3682 Amazones
724 3626 793 3702 post
809 3619 874 3682 haec
890 3619 1023 3682 habuere
1036 3619 1175 3704 reginam
1189 3618 1313 3682 nomine
1329 3618 1417 3682 Peu-

321 3720 492 3796 thesileam‚
509 3714 596 3803 cujus
621 3717 755 3804 Trojano
782 3718 862 3782 bello
889 3725 1000 3781 extant
1024 3717 1192 3783 clarissima
1213 3718 1415 3783 documenta.

323 3818 405 3884 Nam
434 3820 481 3884 he
507 3818 629 3882 femina
655 3841 751 3903 usque
773 3817 814 3883 ad
838 3817 1054 3882 Alexandrum
1071 3819 1224 3904 Magnum
1238 3817 1418 3884 referuntur

322 3920 456 3984 tenuisse
471 3941 609 4004 regnum.

368 4019 431 4084 Sed
452 4041 490 4083 ne
513 4019 607 4097 dicas,
626 4020 664 4085 de
691 4019 765 4085 viris
789 4019 964 4083 Gothorum
984 4039 1084 4082 sermo
1099 4018 1292 4105 adsumptus,
1310 4018 1414 4082 curin

321 4119 443 4184 leminis
458 4119 578 4184 tamdiu
596 4128 788 4207 perseveret:
815 4117 936 4183 audiet
958 4118 1093 4183 virorum
1115 4119 1264 4204 insignem
1288 4125 1320 4181 et
1341 4117 1414 4182 lau·

322 4220 456 4284 debilem
472 4229 504 4284 et
518 4219 742 4286 fortitudinem.
788 4220 850 4283 Dio
865 4219 1040 4294 historicus,
1056 4227 1087 4283 et
1104 4219 1327 4304 antiquitatum
1342 4217 1414 4282 dili-

320 4319 518 4406 gentissimus
544 4320 715 4405 inquisitor,
741 4320 793 4405 qui
818 4319 902 4404 operi
937 4341 993 4383 suo
1024 4318 1134 4383 Getica
1163 4319 1289 4384 titulum
1322 4317 1413 4383 dedit

323 4423 413 4505 (quos
441 4421 539 4484 Getas
571 4419 639 4505 jam
673 4421 821 4506 superiori
852 4419 919 4482 loco
951 4419 1072 4484 Gothos
1105 4442 1171 4484 csse
1203 4419 1411 4504 probavimus,
