3158 5122
582 431 861 488 nrraaeosrnus.
1176 419 1264 488 xxiii

169 595 284 679 arguti,
313 595 450 660 mutibus
477 595 626 680 expediti,
655 603 686 658 et
719 595 760 658 ad
787 593 990 679 equitandum
1020 596 1262 680 promptissimi:

137 711 145 728 ·
169 696 302 780 scapulis
316 696 397 774 latis,
412 704 444 760 et
458 695 500 760 ad
516 719 606 760 arcus
620 695 810 780 sagittasque
825 695 945 779 parati:
970 693 1066 760 firmis
1084 696 1263 774 crevicibus,

169 803 201 859 et
228 795 373 880 superbia
402 819 524 882 semper
554 795 659 860 erecti.
715 794 760 859 Hi
787 801 860 861 ve'ro
887 795 945 860 sub
973 795 1134 860 hominum
1166 793 1265 883 figura

168 894 279 959 vivunt
301 896 425 960 beluina
445 896 574 962 eaevitia.
619 895 710 979 Quod
732 917 830 980 genus
852 895 1127 980 expeditissimum,
1150 898 1264 963 multa·
1343 941 1346 946 -

170 1017 299 1079 rumque
331 996 493 1061 nationum
516 996 747 1082 grassatorium,
772 995 863 1060 Getae
888 1003 924 1060 ut
949 995 1103 1076 viderunt,
1129 1021 1263 1084 expave-

170 1104 281 1161 scunt:
305 1117 420 1181 suoque
444 1120 516 1162 cum
542 1119 614 1182 rege
643 1096 818 1172 diliberant,
846 1097 978 1179 qualiter
998 1119 1031 1161 se
1054 1119 1075 1160 a
1097 1098 1153 1162 tali
1173 1099 1263 1164 hoste

169 1195 354 1261 subducant.
399 1196 481 1262 Nam
500 1197 724 1262 Hermauricue
739 1219 795 1260 rex
811 1195 995 1275 Gothorum,
1011 1197 1085 1262 licet
1101 1197 1151 1280 (ut
1174 1219 1263 1285 supe-

170 1297 235 1361 rius
258 1297 435 1383 retulimus)
462 1297 631 1362 multarum
654 1296 795 1384 gentium
818 1295 959 1360 extiterit
981 1297 1199 1383 triumphator,
1224 1299 1263 1364 de

173 1393 362 1462 Hunnorum
388 1407 493 1464 tamen
519 1397 657 1463 adventu
683 1397 758 1461 dum
782 1396 912 1481 cogitat,
930 1397 1163 1462 Roxolanorum
1186 1421 1263 1485 geos

171 1495 276 1576 infida,
292 1521 363 1582 quae
388 1508 465 1564 tunc
490 1499 572 1563 inter
594 1498 671 1563 alias
698 1496 884 1562 famulatum
911 1497 1089 1573 exhibebat,
1107 1498 1164 1563 tali
1190 1522 1262 1564 eum

169 1597 358 1663 nanciscitur
369 1601 529 1686 oceasione
542 1599 692 1685 decipere.
737 1597 822 1662 Dum
835 1597 917 1661 enim
933 1597 1090 1680 quandam
1104 1599 1264 1664 mulierem

172 1697 299 1764 Sanislh
324 1699 449 1764 nomine
477 1721 517 1764 ex
544 1707 637 1784 gente
661 1705 842 1778 memorata,
860 1720 916 1782 pro
939 1697 1044 1763 mariti
1065 1699 1264 1764 fraudulento

165 1798 319 1878 discessu,
337 1821 393 1863 rex
416 1797 519 1864 furore
541 1807 724 1875 commotus,
748 1797 834 1882 equis
856 1798 1009 1863 ferocibus
1030 1797 1193 1886 illigatam,
1217 1800 1262 1866 iu·

171 1893 337 1983 citatisque
359 1900 499 1966 cursibus
520 1922 576 1985 per
592 1899 715 1964 diversa
731 1897 836 1962 divelli
853 1898 1052 1984 praecipisset,
1070 1900 1182 1966 fratres
1197 1899 1264 1986 ejus

171 1998 269 2064 Serus
290 2007 322 2063 et
337 1997 485 2064 Ammius
507 2021 662 2084 germana
687 1998 807 2063 obitum
830 1998 1033 2076 vindicantes,
1062 1997 1262 2066 Hermanrici

169 2097 253 2164 latus
274 2098 355 2164 ferro
377 2099 554 2183 petierunt:
579 2121 640 2184 quo
654 2099 780 2164 vulnere
803 2097 934 2174 saucius,
950 2120 1068 2184 aegram
1083 2100 1180 2165 vitam
1196 2125 1261 2166 eor

170 2198 254 2283 poris
279 2197 493 2265 imbecillitate
518 2200 685 2265 contraxit.
737 2198 838 2278 Quam
865 2197 1028 2264 &versam
1055 2197 1121 2285 ejus
1146 2201 1263 2266 valetu-

170 2299 274 2363 dinem
293 2308 423 2385 captans
439 2299 579 2365 Balamir
593 2322 649 2364 rex
665 2297 865 2376 Hunnorum,
879 2298 911 2362 in
934 2297 1141 2384 Ostrogothas
1163 2301 1262 2366 morit

168 2400 381 2484 procinctum:
405 2423 578 2486 equorum
603 2399 750 2465 societate
767 2396 837 2484 jam
859 2397 1059 2482 Wesegothae
1085 2399 1261 2478 discessere,

170 2500 398 2585 quamdudum
413 2501 495 2565 inter
516 2524 549 2567 se
565 2497 670 2586 juncti
692 2497 861 2564 habebant.
907 2496 996 2562 Inter
1017 2499 1085 2563 haee
1106 2500 1263 2566 Herman-

167 2601 249 2666 ricus
262 2608 329 2666 tam
340 2601 476 2666 vulneris
490 2602 639 2678 dolorem,
653 2621 746 2685 quam
759 2597 854 2662 etiam
869 2597 1057 2664 incursiones
1073 2598 1260 2666 Hunnorum

168 2724 230 2766 non
260 2702 371 2782 ferens,
397 2702 583 2788 grandaevus
613 2709 645 2766 et
674 2701 784 2786 plenus
811 2699 943 2775 dierum,
971 2700 1262 2766 centesimodecimo

165 2823 247 2867 anno
275 2803 350 2867 vitae
379 2824 442 2868 suae
470 2802 635 2868 defirnctus
660 2807 719 2866 est.
770 2797 866 2885 cajus
891 2799 1000 2864 mortis
1027 2799 1146 2864 occasio
1172 2801 1260 2866 dedit

167 2901 294 2968 Hunnie
314 2902 482 2988 prevalere
503 2903 536 2966 in
559 2902 681 2967 Gothos
702 2900 779 2978 illos,
803 2921 879 2984 quos
909 2899 1087 2966 dixeramus
1118 2901 1260 2967 orientali

166 3003 259 3090 plaga
274 3003 392 3080 sedere,
409 3010 442 3066 et
459 3003 665 3088 Ostrogothus
680 2999 860 3086 nuncupari.

212 3104 413 3190 Wesegothre
429 3103 535 3179 idest,
553 3103 606 3168 alii
623 3125 730 3168 eorum
744 3100 829 3177 socii,
853 3107 886 3164 et
906 3099 1026 3164 occidui
1044 3099 1101 3165 soli
1115 3099 1257 3178 cultores,

166 3213 253 3270 metu
281 3213 445 3290 parentum
481 3203 632 3282 exterriti,
664 3202 812 3287 quidnam
837 3199 877 3263 de
906 3221 948 3278 se,
981 3207 1108 3286 propter
1131 3209 1259 3285 gentem

169 3304 357 3369 Hunnorum
373 3305 590 3380 deliberarent,
604 3303 826 3388 ambigebant:
855 3299 968 3384 dinque
984 3302 1167 3386 cogitantes,
1188 3309 1258 3367 tan·

168 3403 240 3468 dem
267 3406 423 3469 communi
448 3404 563 3490 placito
594 3404 713 3490 legatos
743 3402 785 3467 ad
815 3400 1000 3465 Romaniam
1034 3400 1184 3478 direxere,
1215 3401 1256 3466 ad

169 3504 337 3569 Valentem
377 3492 609 3588 Imperatorem,
642 3503 770 3568 fratrem
803 3500 1017 3566 Valentiniani
1055 3500 1257 3586 Imperatoris

166 3605 305 3682 senioris,
330 3611 367 3669 ut
385 3613 506 3689 partem
532 3603 672 3668 Thracia
695 3603 759 3669 sive
779 3601 896 3666 Moesiae
922 3602 948 3666 si
973 3601 1034 3666 illis
1055 3601 1192 3666 traderet
1214 3602 1255 3666 ad

167 3705 339 3782 colendum,
356 3703 422 3792 ejus
437 3704 556 3790 legibus
569 3704 718 3783 viverent,
733 3698 859 3788 ejusque
871 3701 1009 3787 imperiis
1022 3701 1238 3767 subderentur.

207 3805 303 3870 Alter
319 3806 392 3882 this,
410 3806 465 3870 the
479 3803 634 3868 narrative
650 3805 791 3869 becomes
806 3803 950 3889 properly
967 3802 1135 3882 historieal,
1150 3802 1258 3888 giving

168 3906 222 3971 the
238 3907 358 3994 history
371 3906 408 3972 of
425 3906 479 3972 the
495 3903 597 3970 Gotho
611 3903 647 3968 of
666 3905 788 3970 Moesia.
