3150 5136
317 432 378 502 xiv
588 445 664 500 run
689 444 870 500 orauuur
897 445 945 501 or
969 444 1135 501 moruus

317 607 456 672 medium
481 605 528 671 sni
555 604 653 670 dulcis
678 613 725 670 est
750 613 782 670 et
806 605 961 690 potabilis,
986 605 1146 690 piscesque
1173 605 1261 672 nimii
1293 606 1421 692 saporis

318 707 430 795 gignit,
446 706 563 771 ossibus
585 715 736 782 carentes,
753 705 966 791 cartilaginem
988 713 1112 770 tautum
1130 705 1283 772 habentes
1297 708 1330 782 iu
1346 731 1422 771 cor·

319 807 401 892 poris
433 805 666 873 continentiam.
726 805 790 870 Sed
821 805 875 870 ubi
908 803 945 870 lit
975 805 1079 870 Ponto
1110 807 1249 884 vicinior,
1279 831 1419 894 parvum

318 908 436 972 fontem
449 906 586 992 suscipit,
603 901 675 970 cui*
690 928 729 970 ex
741 906 886 992 Ampheo
901 929 1071 990 cognomen
1086 917 1143 985 est,
1160 907 1239 972 adeo
1256 931 1417 986 amarum,

319 1015 354 1073 ut
371 1030 441 1072 cum
456 1007 497 1072 sit
512 1031 561 1070 xc.
577 1007 696 1071 dierum
718 1007 827 1071 itinere
848 1006 1042 1092 navigabilis,
1063 1006 1155 1092 hujus
1177 1009 1266 1092 aquis
1289 1008 1418 1093 exiguis

319 1109 511 1186 immutetur,
530 1107 717 1191 infestusque
736 1128 773 1170 ac
796 1106 951 1172 dissimilis
976 1107 1035 1182 sui,
1059 1106 1140 1172 iuter
1160 1108 1272 1172 Graeca
1297 1108 1420 1195 oppida

319 1207 488 1293 (lallipidas
511 1216 543 1272 et
566 1206 710 1292 Hipanis,
725 1205 758 1270 in
775 1229 859 1271 mare
873 1204 999 1272 defluat.
1044 1205 1100 1271 Ad
1113 1205 1199 1294 cnjus
1213 1209 1295 1274 ostia
1310 1210 1419 1274 insula

320 1315 367 1373 est
391 1310 423 1372 in
446 1308 560 1382 fronte,
584 1306 718 1372 Achillis
742 1307 874 1370 nomine.
921 1306 1009 1372 Inter
1035 1307 1092 1373 hos
1119 1316 1202 1372 terra
1224 1309 1417 1385 vastissima,

319 1407 405 1475 silvis
419 1409 548 1486 consita,
563 1406 728 1493 paludibus
742 1406 848 1472 dubia.

363 1508 428 1575 Hic
453 1532 526 1594 ergo
551 1507 665 1572 Gothis
689 1507 892 1581 morantibus,
927 1506 1064 1573 Vesoces
1090 1507 1321 1594 AEgyptiorum
1355 1531 1417 1573 rex

318 1611 351 1675 in
370 1610 486 1675 bellum
508 1609 616 1673 irruit:
639 1607 750 1691 quibus
764 1615 840 1672 tunc
857 1606 1009 1672 Taunasis
1025 1629 1081 1672 rex
1096 1616 1173 1672 erat.
1218 1608 1287 1689 Quo
1304 1609 1418 1692 proelio

319 1710 361 1775 ad
390 1708 519 1774 Phasim
545 1706 683 1784 fluvium,
712 1729 732 1770 a
758 1729 818 1790 qno
846 1706 998 1772 Phasides
1026 1729 1100 1773 aves
1128 1723 1254 1785 exorta,
1284 1710 1319 1774 in
1341 1717 1418 1773 toto

319 1809 437 1874 mundo
459 1807 569 1872 eduliis
592 1814 754 1892 potentum
777 1807 958 1885 exuberant,
976 1807 1132 1873 Taunasis
1154 1807 1332 1872 Gothorum
1355 1833 1417 1874 rex

322 1908 435 1975 Vesoci
454 1907 681 1994 AEgyptiorum
704 1908 845 1986 occurrit,
869 1929 1000 1990 eumque
1022 1908 1160 1991 graviter
1182 1908 1352 1986 debellans,
1382 1909 1416 1974 in

321 2008 503 2094 AEgyptum
528 2029 625 2091 usque
646 2015 825 2092 persecutus
847 2015 913 2072 est:
938 2015 970 2072 et
992 2007 1051 2072 nisi
1074 2007 1143 2072 Nili
1160 2009 1260 2074 amnis
1276 2009 1417 2074 intrans-

321 2108 462 2174 meabilis
478 2107 669 2174 obstitissent
684 2103 810 2182 fluenta,
827 2107 876 2172 vel
890 2107 1087 2185 munitiones,
1105 2131 1181 2193 quas
1196 2108 1316 2174 dudum
1342 2109 1417 2188 sibi,

321 2211 362 2275 ob
382 2209 569 2274 incursiones
583 2206 775 2291 AEthiopum
790 2206 920 2272 Vesocis
935 2205 1000 2272 lieri
1013 2209 1221 2295 precepisset,
1237 2209 1281 2273 ihi
1295 2209 1330 2273 iu
1346 2206 1419 2294 ejus

321 2331 393 2374 eum
416 2309 519 2394 patria
540 2306 734 2374 extinxisset.
787 2307 850 2372 Sed
876 2307 951 2371 dum
976 2330 1047 2372 eum
1071 2331 1190 2394 semper
1214 2308 1257 2373 ibi
1273 2309 1418 2394 positum

320 2432 383 2475 nou
397 2409 544 2474 valuisset
558 2407 678 2488 ledere,
693 2414 850 2473 revertens
864 2429 942 2493 pene
959 2430 1081 2473 omnem
1097 2409 1207 2474 Asiam
1222 2407 1419 2495 subjugavit,

322 2518 354 2575 et
369 2509 427 2576 sibi
443 2518 517 2575 tuno
539 2529 610 2573 caro
635 2507 735 2572 amico
761 2505 859 2572 Somo
883 2531 955 2594 rege
980 2507 1146 2574 Medorum
1169 2508 1212 2574 ad
1234 2511 1419 2595 persolven-

321 2611 396 2676 dum
420 2608 584 2686 tributum,
610 2607 770 2674 subditum
796 2608 880 2673 fecit.
925 2607 977 2672 Ex
1002 2606 1089 2694 cnjus
1113 2609 1252 2674 exercitu
1277 2609 1420 2676 victores

322 2718 398 2776 tunc
418 2709 557 2774 nonnulli
579 2707 751 2794 provincias
772 2707 911 2774 subditas
925 2716 1116 2787 contuentes,
1133 2717 1165 2775 et
1179 2710 1212 2774 in
1226 2709 1310 2774 omui
1325 2709 1419 2776 ferti·

320 2811 410 2876 litate
433 2810 593 2895 pollentes,
612 2807 734 2872 deserto
761 2830 886 2873 suorum
906 2809 1029 2894 agmine
1053 2816 1163 2895 sponte
1185 2811 1218 2874 iu
1236 2809 1322 2876 Asiae
1338 2833 1416 2896 par-

320 2912 404 2977 tibus
431 2909 620 2975 resederunt.
680 2907 733 2972 Ex
758 2931 888 2992 quorum
912 2909 1035 2974 nomine
1061 2911 1109 2975 vel
1142 2932 1253 2995 genere
1286 2909 1419 2996 Trogus

323 3009 493 3096 Pompeius
508 3009 697 3074 Parthorum
713 3007 789 3073 dicit
811 3008 951 3074 extitisse
967 3010 1153 3094 prosapiam.
1199 3009 1296 3075 Unde
1312 3011 1415 3076 etiam

321 3110 472 3194 hodieque
492 3110 599 3196 lingna
615 3108 766 3195 Scythica
788 3107 923 3194 fugaces,
939 3109 1022 3194 quod
1037 3117 1083 3174 est
1100 3109 1223 3185 Parthi,
1242 3110 1413 3176 dicuntur:

321 3233 436 3295 suoque
452 3210 556 3295 generi
573 3208 804 3295 respondentes,
830 3209 911 3273 inter
933 3231 1040 3275 omnes
1062 3231 1141 3295 pene
1158 3209 1243 3274 Asia
1268 3212 1415 3278 natione-s

320 3311 377 3376 soli
401 3310 553 3395 sagittarii
577 3317 660 3385 sunt,
683 3317 715 3372 et
737 3308 877 3373 acerrimi
895 3308 1069 3375 bellatores.
1120 3309 1171 3374 De
1184 3311 1310 3375 nomine
1327 3333 1414 3390 vero,

321 3409 404 3494 quod
421 3410 557 3474 diximus
571 3431 623 3474 eos
639 3408 784 3485 Parthos,
801 3408 834 3472 id
850 3417 898 3473 est
912 3409 1046 3495 fugaces,
1062 3409 1109 3473 ita
1123 3410 1274 3495 aliquanti
1289 3419 1414 3497 etymo÷

320 3509 436 3593 logiam
463 3516 635 3586 traxerunt,
662 3516 698 3573 nt
727 3508 902 3574 dicerentur
927 3509 1048 3588 Parthi,
1075 3509 1148 3594 quia
1175 3533 1246 3576 suos
1269 3511 1414 3598 refugere

320 3617 474 3696 parentes.
528 3608 624 3674 Hunc
646 3629 719 3692 ergo
739 3607 907 3674 Taunasim
928 3632 1032 3695 regem
1053 3609 1229 3676 Gothorum
1252 3619 1415 3677 mortuum

320 3711 401 3776 inter
414 3709 544 3775 numina
560 3709 607 3774 sui
621 3708 727 3794 populi
741 3708 911 3776 coluerunt.

364 3811 442 3878 Post
470 3808 557 3897 cujus
584 3809 742 3874 decessum
764 3808 901 3874 exercitu
923 3807 990 3894 ejus
1011 3833 1082 3875 cum
1115 3833 1289 3878 successore
1313 3812 1415 3898 ipsius

320 3912 351 3976 iu
378 3911 446 3977 aliis
469 3910 610 3997 partibus
636 3908 866 3996 expeditionem
893 3918 1029 3994 gerente,
1053 3909 1174 3976 feminae
1193 3910 1369 3978 Gothorum
1391 3937 1414 3979 a

320 4011 455 4096 quadam
470 4011 571 4076 vicina
594 4018 688 4097 gente
714 4017 853 4086 tentate,
878 4010 910 4074 in
939 4010 1135 4096 praedamque
1157 4011 1259 4076 ductae
1282 4035 1303 4076 a
1326 4015 1412 4094 viris,

319 4111 441 4177 fortiter
465 4113 655 4188 restiterunt,
684 4112 848 4194 hostesque
874 4131 966 4196 super
983 4133 1015 4176 se
1034 4111 1191 4178 venientes
1207 4134 1278 4176 cum
1294 4134 1413 4200 magun

318 4212 504 4279 verecundia
518 4211 699 4297 abegerunt.
751 4211 821 4292 Qua
842 4219 953 4295 parata
966 4209 1105 4291 victoria,
1128 4212 1277 4298 fretaque
1299 4212 1412 4300 majori

318 4312 458 4388 audacia,
475 4311 607 4376 invicem
629 4334 661 4376 se
686 4311 894 4388 cohortantes,
913 4333 1000 4376 arma
1018 4312 1180 4398 arripiunt,
1200 4313 1411 4398 eligentesque

654 4437 671 4470 *l
685 4437 809 4506 Compare
820 4436 973 4503 Herodotus,
986 4437 1022 4489 iv.
1037 4441 1080 4490 52.
