3150 5136
315 435 365 502 xii
590 447 666 503 ran
692 447 872 503 onnnsnr
899 447 947 502 or
971 447 1134 503 rsonae.

314 609 366 693 qui
392 608 433 674 ad
459 609 626 674 Ponticum
651 630 736 672 mare
760 614 937 684 curvantur,
962 629 982 671 a
1009 607 1166 672 Danastro
1194 609 1419 674 extenduntur

314 731 411 792 usque
440 710 481 773 ad
510 709 804 792 Danubiumque
832 705 960 772 flumina
986 699 1094 772 multis
1124 709 1337 774 mansionibus
1368 709 1417 774 ab

314 809 446 874 invicem
462 809 585 875 absunt.
637 808 690 872 Ad
708 809 782 872 litus
797 815 902 874 autem
926 806 1050 881 Oceani,
1069 807 1122 871 ubi
1144 808 1243 874 tribua
1264 809 1416 876 faucibus

315 905 433 974 fluenta
449 909 581 974 Vistulae
602 904 739 974 fluminis
760 907 936 986 ebibuntur,
954 907 1106 972 Vidioarii
1128 907 1273 985 resident,
1296 933 1338 973 ex
1362 909 1416 974 di·

315 1009 412 1074 versis
425 1008 602 1076 nationibus
615 1009 786 1095 aggregati.
832 1008 909 1074 Post
927 1031 1003 1093 quos
1020 1007 1116 1093 ripam
1131 1008 1248 1074 Oceani
1262 1009 1414 1074 itemesti

302 1117 433 1187 tenent,
449 1118 594 1196 pacatum
617 1109 778 1174 hominum
801 1131 899 1195 genus
924 1109 1058 1174 omnino.
1103 1109 1222 1190 Quibus
1243 1110 1275 1174 in
1296 1119 1412 1175 austro

313 1209 435 1276 adsedit
465 1233 541 1296 gens
570 1211 793 1295 Agazzirornm
825 1209 1001 1286 fortissima,
1029 1207 1153 1293 frugum
1184 1209 1301 1294 ignara,
1335 1232 1411 1293 quae

314 1311 475 1395 pecoribus
500 1319 531 1375 et
554 1310 769 1374 venationibus
789 1307 923 1372 victitat.
968 1307 1064 1371 Ultra
1085 1331 1161 1392 quos
1182 1309 1414 1374 distenduntur

314 1433 408 1494 snpra
421 1433 507 1474 mare
525 1409 692 1474 Ponticum
708 1408 912 1494 Bulgerorum
926 1408 1024 1484 sedes,
1042 1430 1118 1490 quos
1134 1409 1309 1474 notissimos
1334 1433 1412 1495 pec·

313 1519 453 1574 catorum
479 1516 652 1573 nostrorum
682 1509 765 1573 mala
790 1508 899 1574 fecere.
961 1507 1047 1572 Hinc
1065 1507 1134 1593 jam
1168 1509 1287 1584 Hunni,
1312 1511 1409 1593 quasi

312 1609 548 1674 fortissimarum
563 1609 702 1694 gentium
716 1607 960 1673 foecnndissimua
974 1617 1088 1694 cespes,
1103 1608 1135 1672 in
1149 1608 1291 1674 bifariam
1305 1633 1410 1695 popu-

312 1708 411 1773 lorum
442 1709 559 1773 rabiem
587 1708 786 1793 pullularunt.
842 1707 924 1772 Nam
951 1708 1004 1772 alii
1030 1707 1201 1794 Aulziagri,
1225 1709 1278 1774 alii
1308 1709 1408 1774 Auiri

314 1816 541 1893 nuncupantur,
565 1808 617 1892 qni
631 1815 737 1872 tamen
751 1808 840 1874 sedes
853 1808 969 1873 habent
985 1808 1131 1874 diversas.
1182 1809 1286 1874 Juxta
1303 1808 1407 1873 Cher·

312 1930 418 1974 sonem
436 1907 605 1992 Anlziagri,
631 1929 692 1992 qno
715 1908 799 1973 Asia
822 1909 904 1973 bona
928 1909 1037 1974 avidus
1061 1917 1214 1974 mercator
1240 1908 1405 1994 importat,

311 2007 364 2091 qui
389 2015 499 2073 aestate
525 2030 650 2092 campos
664 2018 873 2093 pervagantur
887 2008 1008 2083 effusos,
1028 2009 1115 2074 sedes
1130 2010 1288 2085 habentes,
1307 2021 1405 2093 pront

311 2115 521 2172 armentorum
542 2107 742 2174 invitaverint
763 2109 900 2194 pabula;
933 2107 1045 2194 hyeme
1067 2131 1159 2194 supra
1180 2130 1265 2172 mare
1288 2108 1402 2173 Ponti-

312 2230 432 2272 cumae
450 2207 625 2273 referentes.
677 2207 843 2295 Hunugari
858 2217 963 2274 autem
980 2208 1051 2272 hinc
1066 2218 1138 2273 sunt
1161 2209 1237 2285 noti,
1261 2209 1335 2293 quia
1359 2209 1403 2274 ab

311 2307 386 2393 ipsis
407 2308 533 2394 pellium
556 2307 745 2374 murinarum
769 2310 854 2374 venit
876 2309 1112 2372 commercium:
1140 2331 1216 2393 quos
1238 2317 1403 2374 tantorum

310 2409 447 2474 virorum
474 2407 651 2474 formidavit
680 2408 820 2474 andacia.
882 2409 1021 2490 Quorum
1049 2408 1238 2474 mansionem
1266 2409 1403 2493 primam

311 2531 376 2573 esse
400 2509 432 2573 in
457 2508 595 2595 Scythia
619 2509 692 2586 solo,
714 2505 812 2594 juxta
834 2508 978 2594 paludem
1008 2508 1199 2584 Maeotidem,
1215 2509 1352 2574 secundo
1367 2510 1403 2573 in

313 2609 434 2684 Moesia,
455 2609 661 2692 Thraciaque,
684 2616 716 2673 et
740 2607 849 2684 Dacia,
874 2609 967 2674 tertio
990 2631 1083 2693 supra
1109 2631 1193 2672 mare
1217 2608 1400 2684 Ponticum,

311 2732 416 2776 rursus
437 2709 469 2774 in
493 2708 624 2795 Scythia
644 2708 775 2794 legimus
796 2708 972 2774 habitasse:
996 2731 1052 2772 nec
1074 2731 1181 2773 eorum
1202 2708 1322 2774 fabulae
1340 2709 1401 2774 ali-

311 2808 381 2874 cubi
396 2809 566 2895 reperimus
580 2807 718 2893 scriptas,
734 2807 786 2893 qni
802 2831 854 2874 eos
868 2809 975 2873 dicunt
990 2808 1023 2873 in
1038 2808 1211 2884 Britannia,
1225 2808 1273 2874 vel
1288 2808 1319 2872 in
1334 2832 1402 2874 una

309 2910 446 2993 qualibet
473 2909 642 2974 insularum
670 2909 702 2972 in
728 2907 908 2973 servitutem
935 2909 1088 2986 redactos,
1112 2916 1144 2973 et
1171 2909 1262 2974 nnius
1285 2908 1401 2974 caballi

310 3007 410 3094 pretio
437 3009 592 3094 quondam
619 3009 804 3094 redemptos.
850 3009 920 3073 Aut
936 3016 1018 3074 certe
1033 3007 1058 3072 si
1075 3006 1144 3091 quis
1166 3029 1218 3072 eos
1239 3008 1328 3073 aliter
1350 3009 1400 3074 di·

310 3109 393 3174 xerit
411 3109 443 3174 in
463 3117 569 3175 nostro
591 3110 674 3188 orbe,
697 3131 789 3194 quam
808 3109 889 3193 qnod
914 3130 969 3173 nos
986 3107 1131 3185 diximus,
1149 3107 1242 3173 finisse
1259 3117 1397 3187 exortos,

310 3208 399 3274 nobis
423 3209 541 3295 aliquid
565 3209 733 3294 obstrepit:
766 3231 822 3274 nos
849 3209 930 3273 enim
953 3208 1056 3293 potius
1080 3209 1205 3273 lectioni
1229 3207 1397 3284 eredimus,

309 3331 403 3393 quam
418 3309 530 3375 sabulis
544 3310 677 3375 anilibus
691 3309 908 3374 consentimus.
953 3307 1002 3372 Ut
1020 3330 1092 3393 ergo
1110 3307 1151 3372 ad
1168 3316 1308 3374 nostrum
1325 3331 1400 3392 pro·

308 3409 444 3493 positum
459 3409 633 3484 redeamus,
651 3409 682 3473 in
700 3410 800 3494 prima
821 3417 910 3493 parte
936 3408 1074 3494 Scythia
1093 3406 1189 3494 juxta
1213 3406 1398 3474 Maeotidem

309 3518 538 3575 commanentes
555 3508 685 3595 prefati,
701 3509 783 3573 unde
798 3509 959 3593 loquimur,
979 3507 1107 3573 Filimer
1128 3531 1231 3594 regem
1254 3508 1399 3574 habuisse

308 3618 486 3674 noscuntur.
538 3609 577 3673 In
592 3609 738 3683 secundo,
754 3607 858 3686 idest,
875 3609 992 3684 Dacia,
1009 3607 1210 3693 Thraciaque
1227 3617 1260 3675 et
1278 3609 1397 3674 Moesim

308 3709 373 3773 solo
400 3710 583 3784 Zamolxen‚
612 3731 703 3793 quem
731 3707 816 3772 mirra
842 3707 1059 3794 philosophica
1089 3707 1270 3774 eruditionis
1303 3708 1398 3774 fuisse

309 3817 465 3874 testantur
477 3809 613 3895 plerique
628 3809 793 3894 scriptores
805 3809 973 3873 annalium.
1019 3808 1148 3880 Namet
1164 3809 1297 3874 Zentam
1312 3809 1398 3892 prins

307 3908 483 3974 habuerunt
497 3909 663 3985 eruditum,
677 3916 748 3994 post
763 3909 858 3974 etiam
873 3909 1054 3986 Diceneum,
1069 3908 1198 3974 tertium
1212 3907 1397 3988 Zamolxen,

307 4009 348 4074 de
369 4033 429 4094 quo
454 4010 592 4095 superius
609 4009 753 4074 diximus.
800 4008 872 4073 Nec
887 4007 1062 4084 debuerunt,
1078 4008 1130 4093 qui
1145 4032 1198 4074 eos
1213 4007 1398 4094 sapientiam

309 4110 476 4175 erudirent.
523 4109 618 4174 Unde
633 4117 664 4174 et
680 4131 758 4194 pene
773 4109 914 4175 omnibus
929 4109 1067 4174 barbaris
1083 4107 1179 4172 Gothi
1196 4108 1399 4195 sapientiores

309 4233 429 4296 semper
456 4212 638 4288 extiterunt,
654 4209 831 4294 Graecisque
852 4233 931 4295 pene
947 4209 1130 4286 consimiles,
1148 4217 1184 4274 ut
1210 4208 1303 4274 refert
1321 4209 1396 4286 Dio,

309 4313 361 4396 qui
375 4311 519 4376 historias
541 4333 645 4376 eorum
667 4309 852 4394 annalesque
878 4310 988 4374 Graeco
1009 4309 1080 4374 stilo
1102 4310 1284 4394 composuit.
1336 4309 1399 4390 Qui

310 4411 390 4476 dixit
416 4411 549 4496 primum
573 4410 787 4489 Tarabosteos,
806 4410 917 4475 deinde
933 4410 1086 4475 vocitatos
1108 4409 1246 4475 Pileatos
1260 4409 1326 4488 hos,
1344 4410 1398 4494 qui
