3226 5088
302 437 349 515 70
573 457 649 512 usn
671 457 850 512 oannsnr
874 457 922 512 or
946 456 1111 512 rannus

302 641 369 688 nec
395 618 548 710 virgines
573 616 808 700 festinantur3
831 615 955 686 eadem
982 615 1143 708 juventa,
1166 610 1292 683 similis
1312 631 1394 703 pro·

303 735 456 804 ceritas:
479 757 579 826 pares
597 731 791 826 validaque
814 734 1031 802 miscentur:
1057 753 1098 800 ao
1120 729 1246 799 robora
1269 747 1393 820 paren·

303 865 383 920 tnm
406 850 508 920 liberi
530 851 701 921 referunt.
753 849 921 920 Sororum
948 848 1030 919 filiis
1052 848 1149 918 idem
1174 845 1268 938 apud
1285 865 1395 915 avun-

305 966 436 1051 culum,
454 969 515 1060 qui
542 968 636 1059 apud
661 977 800 1060 patrem
827 967 948 1037 honor.
1000 964 1155 1050 Quidam
1183 961 1393 1033 sanctiorem

306 1085 563 1178 arctioremque
587 1085 683 1156 huno
704 1105 838 1156 nexum
856 1084 1035 1178 sanguinis
1052 1081 1279 1160 arbitrantur,
1297 1094 1335 1148 et
1356 1078 1395 1146 in

305 1201 518 1300 accipiendis
548 1201 729 1273 obsidibus
753 1203 866 1294 magis
893 1201 1065 1294 exigunt3
1088 1209 1270 1290 tamquam
1296 1195 1331 1277 ii,
1358 1201 1397 1262 et

307 1319 465 1388 animum
488 1319 635 1402 firmins,
660 1327 698 1388 et
722 1319 867 1388 domum
891 1317 999 1388 latins
1024 1325 1182 1387 teneant.
1234 1311 1397 1382 Heredes

307 1445 428 1505 tamen
462 1458 749 1528 successoresque
783 1437 837 1506 sui
868 1435 997 1526 cuique
1030 1433 1152 1504 liberi:
1187 1440 1225 1501 et
1256 1428 1396 1500 nullum

306 1561 572 1623 testamentum.
626 1551 665 1622 Si
683 1552 785 1623 liberi
810 1574 880 1621 non
901 1559 994 1634 sunt,
1011 1551 1192 1643 proximus
1214 1547 1342 1641 gradm
1359 1546 1396 1614 in

308 1670 526 1763 possessione
566 1669 704 1753 fratres,
737 1670 865 1762 patrui,
898 1667 1074 1739 avunculi.
1135 1660 1281 1749 Quanti)
1317 1662 1397 1756 plus

308 1787 595 1878 propinquorum,
624 1782 696 1877 qud
730 1787 842 1878 major
872 1786 1042 1856 adfinium
1084 1804 1261 1864 numerus,
1294 1775 1398 1850 tanti>

311 1903 497 1996 gratiosior
514 1913 695 1974 senectus:
722 1926 788 1972 nec
805 1902 879 1972 ulla
896 1901 1056 1972 orbitatis
1073 1900 1197 1994 pretia.

684 2081 757 2122 llo'ffl
777 2081 815 2122 Oli
835 2080 951 2122 salmon
973 2081 1021 2122 XX.

351 2216 360 2250 ¹
381 2211 452 2270 Sera
472 2211 608 2284 juvenum
636 2209 942 2292 vasaq-whatever
962 2231 1029 2288 may
1046 2209 1119 2270 hare
1138 2210 1209 2269 been
1230 2208 1278 2269 the
1298 2229 1349 2287 age
1370 2209 1405 2268 of

310 2307 440 2386 puberty‚
454 2308 520 2368 that
533 2309 565 2368 oi
582 2311 699 2386 iusaooy
713 2309 756 2390 (in
770 2310 819 2368 the
832 2309 906 2388 legal
920 2327 999 2368 senso
1012 2309 1044 2367 oi
1060 2308 1109 2367 the
1123 2307 1209 2386 term)
1223 2307 1314 2367 ended
1328 2305 1399 2366 with

310 2405 361 2464 the
374 2404 578 2484 AngloSaxon
592 2412 623 2464 at
638 2407 685 2464 12.

350 2502 391 2562 At
412 2503 474 2563 that
493 2505 563 2563 time
584 2503 633 2563 the
654 2504 745 2582 youth
759 2525 814 2564 was
833 2505 960 2582 muncip,
975 2504 1027 2576 ia,
1040 2502 1086 2562 his
1105 2523 1168 2561 own
1189 2509 1303 2574 master,
1318 2521 1349 2561 or
1369 2510 1400 2561 at

310 2601 381 2660 least
394 2601 573 2679 responsible.

754 2825 966 2836 -ι

365 3117 474 3189 XXI.
502 3119 689 3213 Suscipere
706 3128 780 3190 tam
798 3119 1024 3200 inimicitias,¹
1035 3141 1098 3190 seu
1112 3121 1231 3212 patris,
1245 3143 1308 3190 scu
1325 3143 1404 3212 pro-

315 3235 448 3328 pinqui,
471 3235 580 3326 quam
600 3237 774 3307 amicitias
799 3259 942 3306 necesse
965 3245 1041 3307 est:
1067 3259 1134 3307 nec
1160 3236 1402 3329 implacabiles

317 3353 456 3422 durant.
509 3351 640 3424 Luitur
655 3354 749 3424 enim
769 3354 878 3424 etiam
903 3352 1134 3424 homicidium
1151 3361 1248 3424 certo
1265 3377 1404 3425 armen-

318 3478 437 3539 torum
465 3491 505 3538 ac
528 3491 697 3561 pecorum
720 3492 878 3553 numero,
902 3470 1098 3562 recipitque
1126 3471 1404 3542 satisfactionem

319 3587 482 3656 universa
501 3585 647 3658 domus:
671 3587 809 3657 utiliter
831 3588 869 3657 in
895 3586 1101 3680 publicum3
1127 3589 1210 3682 quia
1232 3587 1405 3682 periculo-

319 3703 427 3772 siores
452 3713 535 3773 sunt
559 3703 754 3773 inimicitiae
776 3705 885 3796 juxta
911 3704 1125 3776 libertatem.
1174 3703 1406 3776 Convictibus

320 3828 358 3889 et
383 3819 544 3912 hospitiis
570 3843 642 3890 non
671 3820 741 3890 alia
769 3841 857 3914 gens
883 3819 1027 3892 effusiirs
1053 3821 1226 3915 indulget.
1273 3821 1406 3906 Quem·

320 3959 472 4028 cumque
500 3937 703 4007 mortalium
735 3959 854 4008 arcere
881 3945 990 4020 tecto,
1014 3938 1114 4009 nefas
1140 3938 1313 4009 habetur:
1343 3959 1408 4031 pro

320 4050 463 4122 fortunia
483 4054 631 4146 quisque
660 4054 836 4146 apparatis
861 4053 974 4146 epulis
1001 4055 1144 4147 excipit.
1195 4053 1289 4126 com
1314 4055 1408 4125 dese

320 4191 411 4252 cere,
432 4170 493 4261 qui
521 4165 629 4239 modo
655 4171 781 4262 hospes
810 4171 936 4254 dierat,
962 4179 1176 4243 monstrator
1199 4171 1343 4265 hospitii
1370 4181 1408 4242 et

321 4307 449 4370 comes,
476 4285 674 4379 proximam
706 4286 851 4358 domum
882 4311 952 4357 non
981 4289 1121 4359 invitati
1151 4289 1305 4360 adeunt:
1340 4311 1407 4359 neo

321 4404 489 4474 interest:
520 4403 595 4496 pari
618 4402 841 4475 humanitate
864 4405 1094 4497 accipiuntur.
1147 4403 1287 4477 Notum
1307 4405 1405 4499 igno-
