3150 5136
582 467 862 524 aerisoouana.
1223 456 1260 525 xi

173 631 283 698 Hister
297 632 395 698 oritur
409 630 519 706 amnis,
536 630 583 694 vel
598 639 743 716 stagnum
758 629 908 694 dilatatur
924 629 1115 716 Mysianum,
1131 632 1262 699 tendens

173 756 269 818 usque
294 733 336 797 ad
366 730 495 797 {lumina
523 731 650 816 Tyrum,
682 731 885 805 Danastrum,
910 739 941 795 et
966 730 1167 817 vagosolam,
1194 755 1263 798 ma·

174 856 331 919 gnumque
360 833 448 896 illum
472 830 662 908 Danubium,
686 830 884 915 Taurumque
916 839 1065 908 montem,
1091 854 1152 896 non
1175 833 1262 898 illum

174 934 270 1011 Asiae,
286 932 341 998 sed
354 931 523 1018 proprium,
539 930 571 994 id
588 938 634 995 est
650 930 844 1017 Scythicum,
873 953 928 1016 per
952 954 1075 996 omnem
1104 931 1263 999 Maeotidis

175 1034 337 1112 ambitum,
353 1032 494 1116 ultraque
520 1030 684 1107 Maeotida,
700 1053 755 1115 per
768 1030 927 1116 angustias
949 1030 1078 1117 Bospori
1103 1055 1199 1117 usque
1220 1034 1262 1098 ad

174 1133 346 1199 Oaucasum
372 1140 519 1208 montem,
544 1152 726 1214 amnemque
742 1131 902 1194 Araxem:
938 1153 975 1196 ac
999 1131 1111 1197 deinde
1136 1133 1168 1198 in
1190 1134 1262 1200 sini·

174 1243 272 1300 stram
299 1241 420 1318 partem
442 1229 569 1308 reflexa,
591 1238 662 1317 post
685 1252 770 1294 mare
795 1229 951 1317 Caspium,
967 1253 1036 1315 qua
1059 1232 1092 1296 in
1115 1235 1263 1300 extremis

175 1334 260 1400 Asia
281 1332 394 1398 linibus
417 1333 458 1398 ab
480 1331 605 1396 Oceano
628 1330 816 1408 Enroboreo,
839 1331 870 1394 in
886 1331 1013 1398 modum
1027 1332 1113 1418 fungi
1128 1333 1262 1419 primum

174 1435 286 1509 tenuis,
303 1441 372 1518 post
388 1433 455 1497 haec
471 1431 623 1497 latissima
642 1439 675 1495 et
695 1431 829 1496 rotunda
848 1430 947 1495 forma
970 1432 1118 1512 exoritur,
1134 1455 1264 1519 vergens

173 1535 215 1599 ad
231 1534 375 1610 Hannon,
390 1533 540 1608 Albanos,
555 1540 586 1596 et
602 1531 693 1597 Seres
707 1553 802 1615 usque
816 1531 998 1616 digreditur.
1043 1533 1123 1598 Haec
1135 1533 1262 1618 inquam

174 1635 286 1721 patria,
317 1633 348 1697 id
378 1642 426 1698 est
453 1631 592 1719 Scythia,
623 1632 713 1716 louge
743 1654 775 1696 se
802 1631 942 1708 tendens,
967 1631 1090 1717 lateque
1111 1635 1261 1719 aperiens,

176 1735 271 1800 habet
292 1735 333 1798 ab
355 1733 473 1798 oriente
499 1731 598 1807 Seres,
621 1732 654 1794 in
676 1732 743 1816 ipso
764 1731 811 1796 sui
834 1732 983 1817 principio
1004 1733 1046 1798 ad
1068 1733 1142 1799 litus
1158 1733 1262 1819 Caspii

176 1834 270 1900 maris
290 1840 539 1905 commanentem
566 1833 607 1896 ab
633 1831 792 1897 occidente
814 1832 995 1911 Germanos,
1014 1841 1046 1899 et
1071 1831 1185 1898 flumen
1202 1833 1263 1899 vi-

175 1935 286 2008 stulae;
311 1935 351 1998 ab
372 1941 488 2009 arctoo,
505 1932 600 1997 idest
622 1932 864 2016 septentrionali,
880 1933 1090 1998 circumdatur
1112 1934 1258 2000 Oceano:

176 2057 196 2098 a
220 2033 348 2098 meridie
375 2031 512 2109 Perside,
528 2030 674 2109 Albania,
702 2031 843 2109 Hiberia,
874 2032 987 2112 Ponto,
1014 2043 1107 2118 atque
1122 2043 1261 2100 extremo

176 2135 264 2198 alveo
291 2133 403 2206 Histri,
429 2133 482 2216 qui
510 2131 624 2196 dicitur
653 2131 825 2209 Danubius,
851 2135 891 2197 ab
916 2132 996 2198 ostio
1020 2157 1075 2198 suo
1098 2157 1195 2219 usqne
1220 2137 1262 2200 ad

176 2233 303 2298 iontem.
348 2232 386 2296 ln
408 2255 445 2296 eo
467 2254 540 2298 vero
561 2231 620 2295 loci
637 2230 744 2308 latere,
762 2254 822 2315 quo
845 2232 1010 2297 Ponticum
1033 2234 1108 2298 litus
1122 2235 1260 2321 attingit,

176 2333 298 2418 oppidis
322 2332 407 2398 haud
430 2333 566 2398 obscuris
590 2330 767 2408 involvitur,
796 2330 1023 2410 Boristhenide,
1044 2333 1147 2411 Olbia,
1170 2334 1262 2400 (lalli-

175 2435 267 2520 pode,
291 2433 455 2510 Chersone,
479 2431 666 2508 Theodosio,
691 2430 841 2509 Perenne,
864 2431 1081 2517 Mirmyoione,
1097 2441 1129 2497 et
1146 2434 1262 2520 Trape-

176 2542 287 2599 zunte:
312 2555 388 2618 quas
401 2532 560 2597 indomita
577 2531 767 2618 Scytharum
789 2531 930 2597 nationes
951 2531 1076 2597 Gnaeos
1097 2535 1262 2619 permisere

175 2635 316 2713 condere,
334 2633 456 2700 sibimet
482 2632 666 2697 commercia
687 2639 895 2716 praestaturos.
947 2631 986 2696 ln
1011 2629 1098 2718 cujus
1124 2633 1262 2720 Scythia

175 2734 278 2799 medio
300 2743 347 2800 est
369 2734 462 2812 locus,
480 2733 532 2817 qui
548 2732 659 2798 Asiam
675 2731 893 2817 Europamque
918 2734 960 2797 ab
974 2732 1124 2798 alterutro
1139 2734 1262 2799 dividit.

176 2835 297 2920 Riphaei
312 2835 428 2900 scilicet
452 2841 584 2910 montes,
602 2833 654 2917 qui
681 2832 801 2896 Tanain
822 2833 1031 2898 vastissimum
1055 2833 1191 2898 fundunt
1216 2835 1263 2899 in-

174 2942 311 3000 trantem
342 2934 514 3007 Maeotida3
554 2930 640 3018 cujus
669 2931 791 3018 paludis
820 2933 966 2998 circuitus
997 2955 1144 3020 passuum
1165 2935 1263 3001 millia

174 3057 292 3113 oxum,
308 3057 459 3119 nusquam
474 3041 544 3098 octo
559 3032 640 3097 ulnis
653 3032 747 3098 altius
761 3033 958 3098 subsidentis.
1003 3034 1041 3097 ln
1055 3055 1117 3118 qua
1132 3034 1264 3121 Scythia

175 3137 275 3221 prima
289 3137 329 3200 ab
343 3135 502 3200 occidente
515 3155 592 3219 gens
608 3132 690 3198 sedit
705 3131 906 3218 Gepidarum‚
925 3155 992 3218 quae
1014 3135 1135 3220 magnis
1155 3136 1263 3220 opina-

174 3239 274 3320 tisque
289 3235 426 3301 ambitur
439 3232 625 3299 fluminibus.
671 3233 753 3297 Nam
769 3233 911 3299 Tisianus
925 3255 980 3319 per
1000 3235 1174 3319 aquilonem
1197 3232 1264 3321 ejus

178 3358 345 3420 corumque
378 3335 533 3402 discurrit.
585 3334 640 3398 Ab
669 3334 778 3398 Africo
801 3355 874 3398 vero
905 3356 1037 3419 magnus
1062 3335 1128 3421 ipse
1156 3335 1262 3402 Daun-

176 3434 256 3510 bius‚
272 3437 312 3500 ab
333 3457 406 3499 euro
427 3432 538 3500 fluvius
561 3434 671 3499 Tausis
686 3441 792 3498 secata
821 3434 873 3519 qni
898 3434 1025 3519 rapidus
1041 3457 1078 3499 ac
1094 3437 1263 3502 verticosus

174 3536 207 3599 in
230 3535 333 3601 Histri
356 3532 472 3599 fluenta
492 3535 597 3598 furens
618 3533 802 3599 devolvitur.
855 3534 1011 3600 Introrsus
1026 3535 1070 3599 illi
1088 3534 1189 3600 Dacia
1205 3544 1263 3616 est,

175 3636 216 3701 ad
242 3657 361 3701 corona
387 3635 520 3719 speciem
544 3633 648 3699 arduis
671 3634 806 3720 Alpibus
833 3635 989 3700 emunita:
1010 3631 1107 3721 juxta
1133 3659 1263 3720 quorum

176 3736 335 3802 sinistrum
350 3736 442 3811 latus,
460 3733 544 3818 quod
558 3733 590 3798 in
611 3733 785 3818 aquilonem
801 3734 910 3820 vergit,
928 3743 960 3800 et
986 3736 1110 3801 abortu
1130 3737 1264 3802 Vistula

176 3834 311 3903 fluminis
328 3835 548 3922 perimmensa
565 3834 667 3918 spatia
679 3835 774 3913 venit,
793 3835 993 3900 Winidarum
1009 3836 1095 3901 natio
1116 3836 1265 3921 populosa

176 3936 326 4002 consedit.
370 3937 509 4018 Quorum
532 3934 658 3999 nomina
680 3933 753 3998 licet
777 3957 860 4000 nunc
885 3959 940 4021 per
958 3935 1058 4001 varias
1079 3934 1211 4002 familias
1232 3944 1264 4001 et

175 4037 243 4102 loca
269 4044 438 4115 mutentur,
455 4033 666 4121 principaliter
692 4042 797 4099 tamen
819 4035 955 4101 Sclavini
979 4042 1011 4100 et
1035 4036 1139 4101 Antea
1164 4037 1265 4102 nomi-

175 4147 300 4202 nentur.
346 4136 481 4201 Selavini
496 4157 516 4200 a
530 4134 656 4200 civitate
670 4157 760 4212 nova,
777 4143 808 4200 et
825 4135 969 4201 Sclavino
985 4135 1215 4214 Rumunnense,
1233 4145 1265 4203 et

175 4237 245 4303 lacu
267 4237 319 4322 qni
341 4236 515 4322 appellatur
532 4235 704 4313 Mucianus,
720 4257 816 4320 usqua
833 4236 875 4301 ad
890 4234 1091 4314 Danastrum,
1107 4246 1140 4301 et
1161 4236 1193 4301 in
1210 4237 1267 4302 bo·

175 4362 260 4403 ream
286 4337 394 4402 Visula
418 4348 509 4401 tenus
534 4343 782 4401 commorantur:
807 4337 840 4401 hi
866 4335 995 4421 paludes
1020 4335 1184 4422 sylvasque
1208 4359 1265 4421 pro

174 4439 356 4504 civitatibus
378 4437 504 4503 habent.
549 4436 650 4502 Antea
675 4459 757 4516 vero,
783 4438 835 4521 qui
861 4445 934 4502 sunt
962 4459 1067 4501 eorum
1096 4435 1264 4514 fortissimi,
