3158 5122
578 477 857 535 EP1LEGOMENA.
1176 467 1263 534 xxxi

171 665 237 710 esse
264 645 420 721 deletam
451 643 510 709 nisi
540 643 621 708 forte
654 639 727 725 qnia
755 639 824 704 loca
851 638 971 718 eadem,
995 639 1049 705 ubi
1081 640 1148 707 haec
1177 651 1268 730 gesta

171 744 322 824 feruntur,
349 769 411 810 non
439 745 515 811 satis
536 741 791 827 historiographis
816 748 892 805 nota
914 739 1049 819 fuerunt,
1077 751 1109 807 et
1138 743 1192 808 vix
1224 744 1265 808 ab

171 844 274 929 aliquo
289 869 393 911 eorum
410 845 538 930 vulgata
554 851 637 919 suut,
653 839 718 905 lieri
735 841 882 936 potuerit,
897 848 934 904 nt
949 863 1045 926 usque
1067 841 1107 906 ad
1130 843 1162 908 id
1185 852 1266 908 tem·

173 1067 231 1130 ego
256 1047 362 1111 referri
384 1069 403 1112 a
429 1044 614 1131 quibusdam
640 1041 757 1118 audivi,
778 1063 875 1126 usque
900 1041 993 1106 hodie
1007 1041 1039 1106 in
1055 1041 1172 1111 intimis
1188 1045 1266 1110 Ger·

172 1146 283 1210 maniae
301 1145 412 1212 linibus
428 1154 554 1232 gentem
568 1143 680 1207 barum
697 1141 831 1206 existere
847 1141 1043 1208 feminarum.

215 1246 317 1312 XVI.
341 1247 443 1332 Igitur
463 1250 655 1311 transmeato
682 1240 891 1326 Langobardi,
918 1241 957 1306 de
981 1264 1043 1326 quo
1075 1242 1264 1322 dixeramus,

171 1343 306 1424 flumine,
325 1370 396 1412 cum
410 1347 452 1412 ad
466 1345 629 1410 ulteriores
643 1351 742 1406 terras
757 1343 977 1426 pervenissent,
993 1342 1056 1406 illic
1070 1365 1126 1428 per
1140 1351 1264 1430 tempus

172 1447 298 1531 aliquod
325 1447 609 1512 commorabantur.
654 1442 781 1507 Interea
806 1465 876 1507 cum
898 1442 974 1506 nihil
992 1442 1114 1509 adversi
1129 1447 1267 1530 suspica-

171 1557 288 1626 rentur,
315 1555 347 1613 et
373 1556 475 1614 essent
500 1545 608 1630 quieti,
632 1543 726 1629 longa
752 1542 845 1607 nimis
871 1543 1030 1621 securitas,
1054 1566 1122 1627 quae
1146 1567 1268 1631 semper

173 1648 430 1713 detrimentorum
455 1654 556 1711 mater
569 1652 628 1720 est,
644 1645 688 1709 eis
705 1666 767 1708 nou
781 1643 937 1708 modicam
955 1645 1120 1728 perniciem
1135 1646 1266 1732 peperit.

173 1749 278 1812 Noctu
304 1748 436 1832 denique
460 1768 530 1810 cum
556 1743 746 1830 negligentia
772 1743 899 1808 resoluti
928 1744 1119 1828 quiescerent
1151 1747 1266 1826 cuncti,

173 1848 283 1914 subito'
302 1869 394 1932 super
420 1869 472 1911 cos
500 1844 651 1930 Bulgares
673 1843 833 1920 irruentes,
858 1845 961 1929 plures
986 1867 1026 1908 ex
1053 1845 1091 1910 iis
1113 1847 1266 1922 sauciant,

173 1949 290 2013 multos
312 1952 521 2033 prosteruunt,
541 1953 573 2009 et
587 1944 619 2008 in
635 1950 759 2008 tantum
775 1967 830 2029 per
843 1967 950 2009 eorum
965 1952 1070 2010 castra
1084 1945 1266 2012 debacchati

175 2055 258 2127 sunt,
274 2055 309 2111 ut
324 2049 426 2132 ipsum
444 2043 679 2130 Agelmundum
694 2065 797 2128 regem
812 2043 1031 2120 interficerent,
1050 2043 1176 2131 ejusque
1198 2047 1269 2111 uui-

175 2169 244 2212 cam
260 2146 355 2212 liliam
372 2155 455 2211 sorte
473 2144 666 2230 captivitatis
680 2143 847 2209 auferrent.

166 2281 169 2288 ·
227 2247 348 2312 XVII.
382 2245 563 2331 Resumptis
592 2253 697 2308 tamen
728 2250 800 2328 post
826 2243 895 2307 baec
924 2243 1122 2311 incommoda
1146 2245 1269 2332 Longo-

176 2347 265 2413 bardi
278 2347 404 2423 viribus,
423 2344 659 2418 Lamissionem‚
675 2343 714 2408 de
740 2365 802 2428 qno
829 2343 969 2428 superius
995 2345 1184 2424 dixeramus,
1210 2347 1269 2412 sibi

175 2471 279 2534 regem
306 2448 543 2514 constituerunt.
589 2444 651 2526 Qui
674 2451 710 2508 ut
735 2451 804 2508 erat
820 2440 952 2529 juvenili
968 2453 1061 2510 aetate
1075 2447 1221 2524 fervidus,
1239 2456 1271 2512 et

175 2549 217 2613 ad
241 2548 315 2614 belli
337 2547 508 2612 certamina
529 2545 606 2611 satis
628 2553 799 2630 promptus,
822 2566 884 2608 nou
901 2545 987 2609 aliud
1002 2545 1061 2611 nisi
1076 2545 1270 2631 Agelmundi

137 2709 142 2718 .
176 2665 284 2713 necem
299 2649 404 2714 ulcisci
419 2645 554 2732 cupiens,
567 2647 598 2711 iu
615 2644 766 2730 Bulgares
780 2667 868 2709 arma
891 2647 1056 2711 convertit.
1101 2645 1269 2732 Primoque
1388 2667 1393 2678 ⁴

175 2750 282 2834 proelio
305 2770 380 2813 mox
406 2747 577 2824 commisso,
605 2744 804 2830 Longobardi
832 2746 975 2812 hostibus
998 2755 1088 2833 terga
1102 2747 1214 2812 dantes
1227 2748 1269 2812 ad

176 2858 279 2915 castra
295 2849 461 2934 refugiunt.
514 2846 603 2910 Tunc
618 2869 674 2910 rex
690 2844 842 2911 Lamissio
857 2844 918 2910 ista
932 2847 1132 2932 conspiciens,
1148 2847 1270 2912 elevata

176 2950 353 3016 altiusvoee
368 2947 451 3014 omni
467 2945 617 3012 exercitui
634 2945 767 3010 clamare
783 2945 884 3032 erepit,
896 2954 934 3011 ut
950 2948 1183 3032 opprobriorum
1201 2971 1269 3033 quae

177 3051 377 3135 pertulerant,
395 3047 673 3124 reminiscerentur,
692 3054 1027 3130 revocarentquaante
1049 3047 1154 3114 oculos
1176 3049 1269 3114 dede-

177 3173 240 3228 cus,
264 3149 418 3236 quomodo
440 3171 546 3214 eorum
561 3167 666 3233 regem
680 3145 785 3212 hostes
793 3144 1017 3232 jugulaverint,
1036 3171 1130 3232 quam
1144 3149 1269 3214 misera-

176 3251 280 3315 biliter
306 3249 371 3336 ejus
395 3257 513 3326 natam,
540 3269 633 3332 quam
659 3245 717 3311 sibi
743 3245 883 3332 reginam
899 3255 1095 3333 optaverant,
1113 3251 1270 3335 captivam

177 3349 383 3415 abduxerant.
434 3349 598 3414 Postremo
619 3348 774 3422 hortatur,
797 3355 833 3412 ut
855 3370 888 3413 se
909 3371 1041 3433 suosque
1057 3349 1152 3414 armis
1167 3350 1271 3414 delen·

178 3450 297 3528 darent,
313 3449 423 3513 melius
437 3471 502 3514 esse
525 3448 631 3513 dicens
652 3447 685 3512 in
707 3447 787 3512 bello
809 3447 946 3513 animam
968 3472 1092 3534 ponere,
1116 3473 1210 3534 quam
1235 3460 1271 3516 ut

177 3551 251 3614 vilia
267 3549 422 3634 mancipia
437 3547 573 3613 bostium
588 3547 729 3613 ludibriis
746 3545 914 3632 subjacere.
967 3549 1049 3614 Haec
1073 3558 1107 3615 et
1129 3548 1270 3636 hujusce·

178 3650 263 3714 modi
278 3649 449 3714 vociferans
465 3670 536 3712 cum
553 3647 681 3726 diceret,
699 3655 731 3712 et
756 3671 838 3712 nunc
863 3649 964 3728 minis,
987 3673 1069 3716 nunc
1095 3652 1269 3736 promissio·

177 3751 279 3825 uibus,
302 3749 344 3814 ad
368 3748 531 3814 toleranda
551 3769 658 3812 eorum
680 3749 798 3814 animos
815 3748 887 3814 belli
902 3750 1074 3815 certamina
1090 3751 1267 3815 roboraret:

177 3850 203 3915 si
226 3873 318 3936 quem
339 3850 434 3914 etiam
457 3847 575 3914 servilis
597 3847 780 3913 conditionis
803 3859 993 3935 pugnantem
1015 3851 1155 3925 vidisset,
1179 3851 1292 3916 liber·-

177 3959 244 4016 tate
256 3974 327 4016 enm
340 3949 431 4016 simul
444 3971 515 4014 cum
528 3945 662 4033 praemiis
676 3947 817 4014 donaret.
865 3949 1006 4014 Tandem
1021 3951 1148 4016 hortatu
1164 3973 1269 4016 exem-

177 4051 288 4136 ploque
314 4050 469 4136 principis,
489 4046 548 4133 'qui
574 4047 692 4134 primus
718 4047 759 4112 ad
783 4049 898 4114 bellum
924 4049 1108 4135 prosilierat,
1136 4052 1267 4130 accensi,

177 4173 269 4237 super
291 4152 397 4215 hostes
414 4151 546 4226 irruunt,
564 4156 704 4234 pugnant
722 4149 878 4226 atrociter,
894 4157 926 4214 et
950 4173 1064 4235 magna
1077 4151 1270 4216 adversarios

176 4251 264 4316 clade
296 4257 504 4336 prosternunt,
535 4249 723 4333 tandemque
753 4249 792 4313 de
821 4249 990 4315 victoribus
1019 4251 1180 4316 victoriam
1219 4274 1270 4315 ca-

178 4352 308 4437 pientes,
337 4359 403 4414 tam
428 4350 508 4436 regis
539 4349 641 4428 funus,
666 4371 758 4434 quam
793 4350 932 4434 proprias
961 4346 1091 4436 injurias
1118 4351 1272 4416 ulciscun-

178 4462 239 4517 tur.
286 4451 375 4516 'l'unc
399 4471 513 4535 magna
532 4448 571 4514 de
597 4449 734 4514 bostium
759 4449 880 4514 exuviis
903 4449 1009 4534 praeda
1034 4451 1136 4536 potiti,
1161 4473 1201 4517 ex
1221 4451 1273 4516 illo
