3088 5080
574 431 865 490 PROLRGOMENA.
1189 415 1273 484 cxxi

176 588 356 672 πλάτος,ή
380 587 531 671 ποταμία
554 589 661 651 πόσα.
704 586 833 666 Ταύτης
857 583 892 651 δὲ
915 585 956 649 τό
977 583 1038 667 μὲν
1053 581 1099 653 εῖς
1115 582 1175 664 τήν
1191 587 1273 646 Κελ-

178 695 273 775 τικὴν
296 691 484 776 μετήγαγον
497 688 663 771 Ῥωμαῖοι,
689 687 733 754 τὰ
755 685 783 754 δ’
804 687 890 769 ἔφθη
913 685 1128 781 μεταστάντα
1155 683 1202 755 εἰς
1215 682 1276 766 τήν

67 800 70 806 ’
180 797 214 864 ἐν
238 797 342 876 βάθει
366 794 490 884 χώραν,
515 791 669 879 καθάπερ
695 790 848 878 Μαρσοί·
870 789 989 856 λοιποὶ
1012 787 1039 854 δ’
1057 787 1143 854 εἰσὶν
1165 786 1276 868 ὀλίγοι

180 899 238 965 καῖ
253 903 318 967 τών
332 894 555 983 Σουγάμθρων
568 891 678 983 μέρος.
724 894 819 958 Μετὰ
834 891 871 960 δὲ
893 893 970 966 τοὺς
984 890 1276 979 παραποταμίους,

181 997 209 1065 τ’
225 997 318 1066 ἄλλα
343 998 435 1065 ἐστὶν
459 997 536 1078 ἔθνη
562 996 605 1062 τό
624 995 752 1081 μεταξὺ
775 999 836 1064 τοῦ
855 993 971 1078 Ῥήνου
996 995 1055 1062 καὶ
1077 999 1136 1061 τοῦ
1147 992 1277 1064 Ἄλῦιος

180 1103 352 1183 ποταμοῦ·
376 1099 412 1172 δς
427 1097 651 1182 παράλληλός
666 1124 737 1169 πως
753 1097 867 1186 ἐκείνῳ
878 1098 932 1186 ῥεῖ
945 1096 1028 1186 πρός
1043 1097 1101 1165 τὸν
1114 1095 1277 1170 Ὠκεανὸν,

180 1205 241 1270 οὐκ
250 1203 381 1269 ε’λάττω
395 1203 510 1292 χώραν
524 1200 665 1284 διεξιὼν,
675 1201 762 1290 ἥπερ
777 1202 910 1272 ἐκεῖνος.
940 1199 1018 1268 Εῖσῖ
1034 1201 1069 1268 δὲ
1080 1199 1207 1285 μεταξὺ
1222 1198 1279 1266 καῖ

181 1305 284 1372 ἄλλοι
309 1305 457 1389 ποταμοὶ
471 1304 603 1370 πλωτοὶ
620 1303 677 1390 (ὧν
692 1304 726 1371 ἔν
740 1310 787 1393 τῷ
799 1303 939 1392 Ἀμασίᾳ
952 1308 1102 1394 Δροῦσος
1117 1301 1275 1390 Βρουκτέ-

180 1434 258 1495 ρους
277 1408 566 1498 κατεναυμάχησε)
583 1407 713 1495 ῥέοντες
729 1408 889 1479 ὡσαύτως
902 1407 971 1474 άπὸ
987 1407 1083 1474 νότου
1097 1407 1182 1494 πρός
1195 1405 1277 1494 βορ-

181 1511 244 1606 ῥεῖν
267 1510 322 1576 καῖ
337 1510 394 1577 τόν
406 1508 571 1577 Ὠκεανόν.
615 1507 774 1597 Ἐξῇρται
788 1510 884 1600 γάρὴ
899 1510 996 1601 χώρα
1008 1507 1092 1597 πρὸς
1103 1507 1206 1585 νότον,
1223 1507 1280 1574 καῖ

183 1618 309 1701 συνεχῆ
319 1613 460 1679 Ἄλπεσι
475 1617 567 1679 ποιεῖ
587 1612 689 1703 ῥάχιν
703 1614 788 1689 τινὰ,
803 1614 888 1701 πρὸς
911 1614 954 1679 ἔω
976 1613 1165 1697 τεταμένην,
1181 1612 1225 1686 ώς
1240 1613 1281 1678 δν

182 1715 283 1801 μέρος
307 1715 411 1782 οῦσαν
436 1719 501 1783 τῶν
530 1713 694 1782 Ἄλπεων·
728 1716 786 1783 καῖ
810 1715 850 1799 δὴ
876 1715 933 1783 καῖ
957 1712 1169 1803 όπεφήναντό
1195 1740 1282 1788 τινες

185 1821 299 1898 οὕτως,
322 1817 377 1884 διό
402 1844 440 1884 τε
461 1817 520 1900 τὴν
543 1820 730 1907 λεχθεῖσαν
752 1819 859 1897 θέσιν,
876 1821 933 1887 καὶ
958 1820 1013 1887 διό
1036 1820 1074 1888 τὸ
1098 1819 1157 1902 τὴν
1180 1819 1282 1901 αὐτὴν

187 1923 271 2000 ῦλην
294 1920 465 2008 ἐκφέρειν·
488 1922 527 1987 οῦ
551 1925 617 2005 μήν
641 1923 698 1990 ἐπὶ
721 1925 883 1992 τοσοῦτόν
905 1950 945 2007 γε
969 1927 1061 2012 ὕψος
1085 1921 1220 2012 άνίσχει
1238 1923 1283 1988 τά

187 2023 308 2103 ταύτης
323 2023 418 2109 μέρη.
462 2022 626 2092 Ἐνταῦθα
646 2024 673 2090 δ’
690 2026 766 2092 ἐστὶ
786 2027 843 2092 καῖ
865 2026 1066 2115 όἝρκύνιος
1078 2025 1208 2114 δρυμὸς,
1225 2026 1283 2093 καῖ

188 2127 232 2193 τό
257 2129 322 2192 τών
347 2126 485 2208 Σοήβων
509 2125 596 2208 ἔθνη,
621 2129 746 2211 τὰμὲν
772 2129 926 2198 οἰκοῦντα
948 2129 1039 2202 ἐντός
1061 2129 1121 2196 τοῦ
1147 2129 1283 2218 δρυμοῦ,

190 2228 345 2296 καθάπαν
368 2229 411 2296 τό
436 2232 501 2296 τών
526 2228 711 2297 Κολδούων·
739 2232 773 2297 ἐν
795 2231 844 2304 οῖς
867 2234 941 2300 ἐστι
965 2233 1022 2300 καῖ
1043 2234 1081 2300 τὸ
1097 2234 1283 2317 Βουίαιμον,

189 2331 227 2398 τὸ
250 2335 310 2399 τοῦ
332 2330 548 2420 Μαροὲούδου
562 2331 754 2411 βασίλειον,
772 2333 818 2406 εῖς
834 2334 870 2401 ὃν
884 2336 1006 2408 ἐκεῖνος
1028 2335 1140 2410 τόπον,
1157 2334 1285 2408 ἄλλους

189 2461 226 2502 τε
247 2433 475 2517 μετανέστησε
490 2436 638 2512 πλείους,
655 2435 712 2504 καὶ
728 2435 767 2519 δὴ
783 2438 860 2510 τοὺς
880 2437 1050 2522 ὁμοεθνεῖς
1073 2437 1178 2526 ἑαυτῷ
1190 2444 1284 2526 Μαρ-

191 2539 387 2622 ιιομμάνους.
430 2535 580 2621 Ἐπέστη
595 2543 660 2628 γὰρ
683 2545 752 2612 τοῖς
767 2541 964 2630 πράγμασιν
979 2541 1075 2614 οῦτος
1090 2542 1127 2624 ἐξ
1143 2540 1286 2618 ἰδιώτου,

189 2641 277 2725 μετὰ
306 2642 366 2723 τὴν
396 2642 433 2708 ἔκ
454 2640 581 2727 Ῥώμης
612 2642 789 2710 ἐπάνοδον·
828 2645 898 2716 νέος
923 2645 988 2732 γὰρ
1018 2645 1058 2727 ἦν
1081 2643 1206 2720 ε’νθόδε,
1231 2644 1287 2714 καῖ

191 2746 393 2833 εῦεργετεῖτο
418 2743 482 2812 ὑπὸ
506 2751 565 2814 τοῦ
587 2747 777 2814 Σεῦαστοῦ·
801 2748 994 2817 ἐπανελθών
1008 2749 1044 2816 δὲ
1067 2748 1287 2817 ἐδυνάστευσε

191 2848 248 2914 καὶ
271 2849 513 2930 κατεκτήσατο,
529 2849 614 2936 πρὸς
638 2849 687 2923 οῖς
715 2849 819 2928 εῖπον,
842 2853 980 2925 Λουίους
1004 2880 1051 2929 τε,
1071 2854 1159 2938 μέγα
1182 2853 1285 2930 ἔθνος,

191 2950 247 3018 καὶ
271 2953 429 3034 Ζούμους,
446 2953 503 3018 καὶ
527 2953 699 3029 Βούτονας,
716 2954 773 3020 καί
796 2955 1035 3038 Μουγίλωνας,
1051 2957 1107 3025 καῖ
1127 2957 1286 3034 Σιῦινοῦς,

192 3053 258 3129 καῖ,
289 3052 326 3120 τδ
353 3057 419 3120 τών
442 3055 575 3137 Σοήθων
598 3056 708 3125 αὐτῶν
728 3056 817 3141 μέγα
841 3057 944 3139 ἔθνος,
967 3058 1148 3144 Σέμνωνας.
1193 3063 1289 3144 Πλὴν

192 3158 234 3224 τά
257 3183 297 3241 γε
322 3160 389 3224 τών
404 3157 545 3240 Σοήθων,
562 3159 606 3231 ὡς
622 3159 714 3246 ἔφην,
731 3159 818 3241 ἔθνη,
835 3160 878 3226 τὰ
891 3162 953 3244 μὲν
968 3163 1058 3236 ἐντός
1084 3163 1173 3253 ᾤκει,
1188 3165 1231 3231 τό
1252 3164 1288 3231 δὲ

193 3260 286 3332 ε’κτὸς
309 3265 369 3327 τοῦ
390 3258 524 3350 δρυμοῦ,
550 3263 657 3350 ὅμορα
684 3268 755 3334 τοῖς
781 3263 907 3336 Γέταις·
964 3267 1133 3348 Μέγιστον
1159 3268 1221 3352 μὲν
1249 3269 1288 3335 τό

194 3369 258 3432 τών
281 3363 415 3446 Σοήθων
441 3363 551 3437 ἔθνος·
585 3365 691 3447 διήκει
713 3367 778 3451 γὰρ
805 3366 872 3433 άπὸ
895 3371 955 3435 τοῦ
967 3367 1082 3450 Ῥήνου
1102 3369 1206 3460 μέχρι
1229 3374 1290 3440 τοῦ

188 3467 339 3540 Ἄλθιος·
361 3466 462 3552 μέρος
488 3467 523 3534 δέ
543 3496 577 3535 τι
600 3469 714 3544 αὐτῶν,
731 3469 787 3534 καὶ
807 3467 913 3559 πέραν
932 3475 991 3539 τοῦ
1006 3471 1131 3544 Ἄλῦιος
1146 3473 1289 3557 νέμεται,

194 3571 345 3660 καθάπερ
359 3568 573 3659 Ἐρμόνδοροι
588 3570 644 3638 καῖ
656 3570 958 3658 Λαγκόσαργοι·
975 3578 1031 3640 νῦν
1046 3573 1081 3640 δὲ
1096 3575 1153 3641 καῖ
1168 3575 1291 3648 τελέως

195 3674 241 3748 είς
265 3673 324 3756 τήν
346 3671 489 3759 περαίαν
504 3673 598 3740 οῦτοί
620 3699 660 3757 γε
682 3674 921 3740 ε’κπεπτώκασι
944 3675 1130 3763 φεύγοντες.
1176 3679 1291 3745 Κοινὸν

195 3779 222 3847 δ’
252 3779 345 3846 έστῖν
374 3778 484 3844 ἅπασι
513 3781 583 3848 τοῖς
612 3776 726 3862 ταύτῃ,
756 3775 795 3842 τὸ
828 3777 905 3865 περὶ
934 3780 994 3852 τὰς
1022 3782 1290 3864 μεταναστάσεις

195 3882 343 3971 εὐμαρὲς,
360 3881 415 3948 διὰ
430 3882 490 3962 τὴν
503 3879 667 3959 λιτότητα
681 3883 740 3946 τοῦ
753 3879 844 3958 βίου,
860 3881 917 3946 καὶ
933 3880 988 3948 διὰ
1003 3881 1042 3948 τὸ
1055 3882 1103 3967 μὴ
1117 3889 1287 3973 γεωργεῖν,

197 4089 422 4177 παρασκευήν·
461 4085 568 4171 τροφὴ
599 4082 626 4149 δ’
658 4083 725 4150 ἀπὸ
755 4088 821 4151 τῶν
848 4084 1050 4174 θρεμμάτων
1078 4089 1098 4171 ἦ
1132 4089 1290 4172 πλείστη,

197 4191 351 4257 καθάπαν
366 4193 436 4262 τοῖς
457 4187 629 4272 Νομάσιν·
653 4185 732 4254 ὥστ’
750 4188 892 4261 ἐκείνους
905 4190 1112 4274 μιμούμενοι,
1127 4193 1169 4258 τὰ
1184 4192 1293 4260 οἰκεῖα

196 4298 270 4367 ταῖς
284 4293 498 4381 ἁρμαμάξαις
521 4290 713 4380 ἐπᾴραντες,
738 4291 816 4358 όποι
839 4292 879 4359 δν
901 4291 991 4378 δόξῃ,
1006 4294 1185 4379 τρέπονται
1205 4299 1291 4378 μετὰ

196 4399 261 4467 τών
282 4395 517 4478 βοσκημάτων.
557 4393 661 4460 Ἄλλο
687 4393 714 4460 δ’
731 4393 925 4483 ἐνδεέστερά
948 4396 1041 4464 ἐστιν
1066 4397 1143 4478 ἔθνη
1167 4403 1289 4486 Γερμα.
