3150 5136
293 318 406 387 xxviii
490 347 497 358 ·
570 331 647 387 run
669 331 850 388 assutus
877 332 926 388 or
950 334 1114 390 atomus

337 495 419 560 VII.
444 493 547 580 Igitur
567 496 681 580 egressi
703 493 742 558 de
771 493 981 560 scandinavia
1003 495 1128 575 Winili,
1150 519 1222 560 cum
1256 496 1336 561 Ibor
1368 507 1409 563 et
1511 537 1514 542 ·

292 595 408 681 Ayone
434 593 575 674 ducibus,
602 595 635 659 in
660 595 816 680 regionem
840 618 908 679 qua
932 595 1108 680 appellatur
1132 596 1285 682 scoringa
1305 599 1409 662 veni-

293 704 392 771 entes,
418 718 474 780 per
497 716 594 760 annos
620 694 683 759 illic
708 695 825 779 aliquot
847 695 1063 760 consederunt.
1116 695 1175 761 Illo
1189 697 1298 781 itaque
1316 709 1407 762 tem·

292 817 366 881 pore
394 795 508 859 Ambri
537 803 570 860 et
596 794 681 874 Asai,
712 795 943 860 Wandalorum
970 795 1073 872 duces,
1105 795 1223 861 vicinas
1251 821 1403 882 quasque

293 895 467 981 provincias
492 894 574 960 bello
600 895 792 981 premebant.
853 895 898 960 Hi
919 892 988 981 jam
1013 896 1121 960 multis
1144 897 1218 960 clati
1241 897 1404 976 victoriis,

291 995 419 1062 nuncios
440 994 482 1060 ad
499 995 636 1062 Winilos
657 995 800 1070 mittunt,
818 1002 854 1059 ut
876 1003 931 1059 aut
954 995 1075 1060 tributa
1092 996 1260 1062 Wandalis
1274 999 1403 1083 persol-

292 1104 410 1176 verent,
426 1103 482 1161 aut
503 1119 536 1161 sc
558 1095 599 1160 ad
621 1095 694 1161 belli
710 1095 880 1160 certamina
895 1104 1113 1181 propararent.
1159 1097 1251 1162 Tunc
1268 1097 1352 1162 Ibor
1367 1109 1403 1164 et

293 1197 378 1283 Ayo,
394 1196 555 1262 adnitente
569 1204 670 1261 matre
694 1195 862 1274 Gambara,
878 1194 1051 1261 deliberant
1073 1197 1184 1262 melius
1204 1220 1272 1263 esse
1295 1199 1402 1264 armis
1531 1201 1532 1208 '

293 1297 470 1363 libertatem
486 1295 577 1374 tueri,
601 1319 694 1381 quam
718 1295 907 1360 tributorum
932 1294 1062 1360 eandem
1088 1296 1239 1362 solutione
1262 1298 1400 1378 fedare,

292 1397 444 1462 mandant
467 1421 523 1482 per
543 1397 662 1482 legatos
687 1395 864 1476 wandalis,
887 1404 1080 1481 pugnaturos
1101 1419 1134 1462 se
1157 1398 1272 1483 potius,
1295 1422 1401 1484 qnam

293 1497 470 1562 servituros.
523 1496 624 1560 Erant
639 1495 790 1580 siquidem
805 1504 881 1560 tunc
898 1495 1011 1560 Winili
1025 1497 1161 1563 universi
1181 1505 1276 1562 aetate
1296 1498 1400 1582 juve-

292 1597 346 1662 nili
363 1595 516 1674 florentes,
535 1597 590 1661 sed
607 1617 735 1660 numero
747 1595 873 1682 exigui3
898 1595 1011 1681 qnippe
1030 1595 1188 1681 quincius
1205 1621 1267 1663 non
1286 1600 1399 1665 nimias

291 1695 505 1782 amplitudinis
520 1695 637 1774 insula,
654 1696 748 1760 tertia
762 1696 955 1762 solummodo
969 1697 1122 1780 particula
1139 1698 1264 1762 fireriut.

335 1795 436 1860 VIII.
460 1795 569 1862 Refert
590 1796 649 1860 hoc
671 1795 738 1860 loco
760 1797 931 1880 antiquitas
952 1795 1115 1862 ridiculam
1127 1797 1286 1863 fabulam:
1307 1801 1398 1884 quod

291 1896 474 1962 accedentes
492 1894 644 1962 Wandali
666 1895 706 1960 ad
725 1896 862 1974 Wodan,
886 1896 1049 1961 victoriam
1071 1896 1110 1962 de
1130 1896 1258 1963 Winilis
1279 1910 1396 1984 postu-

290 1997 433 2073 laverint,
457 1997 569 2081 illeqna
591 1995 796 2082 responderit,
821 2018 854 2061 sa
875 1994 936 2061 illis
955 1995 1120 2062 victoriam
1135 1997 1294 2074 datnmm,
1312 2023 1397 2084 quos

292 2097 426 2184 primum
449 2098 567 2163 oriente
589 2097 653 2162 solo
669 2095 898 2182 conspexisset:
924 2103 999 2160 tunc
1013 2098 1177 2164 accessisse
1195 2099 1396 2166 Gambaram

291 2197 332 2262 ad
358 2197 481 2274 Fream,
504 2219 634 2262 uxorem
652 2196 792 2274 Wodan,
816 2203 848 2260 et
866 2195 996 2262 Winilis
1017 2197 1179 2263 victoriam
1202 2199 1394 2284 postulasse,

293 2297 466 2383 Freamque
486 2298 647 2363 consilium
672 2296 803 2375 dedisse,
828 2304 864 2360 ut
881 2295 1072 2366 Winilorum
1096 2298 1251 2364 mulieres.
1268 2300 1394 2367 solutos

291 2400 389 2464 crines
411 2421 485 2484 erga
506 2398 617 2462 faciem
640 2397 681 2461 ad
703 2397 807 2462 barbae
824 2396 1058 2461 similitudinem
1075 2407 1305 2484 componerent,
1321 2423 1393 2465 ma·

292 2521 390 2585 neque
414 2499 513 2584 primo
539 2520 610 2563 cum
632 2497 707 2562 viris
731 2496 886 2574 adessent,
911 2519 1037 2581 seseque
1054 2519 1074 2562 a
1091 2498 1219 2563 Wodan
1234 2499 1392 2568 videndas

291 2600 407 2685 pariter
432 2597 597 2684 eregione,
614 2620 676 2682 qua
691 2596 743 2662 ille
757 2619 812 2682 per
826 2596 1003 2668 fenestram,
1018 2597 1169 2662 orientem
1184 2621 1302 2674 versus,
1319 2611 1391 2666 erat

290 2699 400 2765 solitus
414 2699 583 2784 adspicere,
601 2697 805 2763 collocarent:
832 2705 926 2781 atque
943 2698 989 2763 ita
1010 2699 1129 2762 factum
1150 2697 1254 2765 finisse.
1298 2701 1391 2783 Quas

291 2823 362 2864 cum
386 2800 514 2866 Wodan
537 2800 727 2884 conspiceret
751 2797 870 2862 oriente
896 2797 969 2875 sole,
996 2797 1130 2864 dixisse:
1157 2799 1218 2879 Qui
1239 2811 1310 2866 aar
1332 2803 1391 2868 isti

290 2899 513 2986 Loaqodardi?
571 2899 660 2964 Tunc
688 2897 803 2962 Fream
831 2895 1036 2983 subjunxisse,
1062 2909 1098 2964 nt
1129 2899 1241 2983 quibus
1271 2909 1390 2967 nomen

290 3000 454 3077 tribuerat,
480 2999 644 3064 victoriam
666 2997 876 3062 condonaret:
904 2999 1008 3082 sicque
1032 2998 1161 3064 Winilis
1184 2999 1315 3065 Wodan
1341 3002 1388 3066 vi-

291 3101 421 3164 ctoriam
438 3101 631 3165 concessisse.
678 3098 758 3162 Haec
779 3097 843 3162 risu
865 3097 960 3182 digna
981 3106 1062 3176 sunt,
1080 3107 1112 3164 et
1134 3123 1190 3185 pro
1210 3100 1304 3164 nihilo
1328 3101 1389 3166 ba-

290 3199 401 3265 benda.
448 3199 591 3264 Victoria
606 3199 688 3264 enirn
705 3221 767 3263 non
790 3197 939 3283 potestati
962 3206 1009 3264 est
1031 3198 1192 3265 adtributa
1213 3201 1386 3282 hominum,

291 3300 345 3366 sed
361 3324 378 3366 e
394 3299 468 3364 coelo
485 3299 589 3384 potius
602 3299 806 3364 ministratur.

335 3400 402 3465 IX.
424 3398 553 3465 (lartum
587 3407 693 3464 tamen
723 3405 770 3463 est
805 3397 1037 3483 Langobardos,
1069 3401 1109 3465 ab
1140 3399 1266 3466 intactae
1300 3399 1385 3466 ferro

289 3501 392 3566 baroae
407 3497 612 3586 longitudine,
628 3521 699 3562 cum
714 3498 857 3584 primitus
875 3498 988 3562 Winili
1004 3498 1081 3564 dicti
1095 3500 1218 3578 luerint,
1237 3502 1283 3567 ita
1296 3511 1385 3586 post-

291 3601 418 3667 modum
430 3599 613 3687 appellatos.
640 3597 723 3663 Nam
733 3596 830 3684 juxta
843 3599 965 3663 illorum
980 3599 1128 3685 linguam,
1143 3603 1235 3688 Lonq
1249 3602 1381 3688 ζοιιραιιι,

290 3703 374 3768 Bort
399 3700 525 3768 bardum
548 3697 712 3786 significat.
765 3698 895 3764 Wodan
922 3721 1006 3777 sane,
1029 3723 1122 3784 quem
1143 3699 1267 3787 adjecta
1290 3701 1383 3768 litera

291 3801 434 3868 Gwodan
460 3801 618 3877 dixerunt,
645 3800 710 3885 ipse
737 3807 793 3876 est,
822 3799 874 3883 qui
903 3798 987 3885 apud
1015 3800 1173 3866 Romanos
1206 3802 1382 3868 Mercurius

292 3901 415 3980 dicitur,
431 3912 463 3968 et
477 3902 519 3966 ab
533 3901 683 3966 universis
701 3899 876 3964 (lemania
893 3899 1038 3984 gentibus
1055 3907 1091 3964 ut
1109 3901 1186 3966 deus
1208 3901 1378 3978 adoratur:

290 4003 342 4087 qui
358 4025 421 4067 non
437 4002 518 4068 circa
541 4003 608 4066 hac
630 4009 780 4086 tempora,
803 3999 858 4065 sed
881 4000 972 4086 longe
995 4001 1144 4078 anterius,
1166 4025 1223 4066 neo
1248 4002 1281 4067 in
1304 4001 1383 4068 Ger-

288 4103 403 4181 mania,
418 4103 520 4168 sedin
535 4101 656 4167 Graecia
670 4102 763 4167 fuisse
777 4100 967 4185 perhibetur.

335 4205 381 4270 X.
408 4203 521 4268 Winili
536 4203 640 4289 igitur,
658 4202 711 4286 qui
729 4210 761 4266 et
778 4200 987 4287 Longobardi,
1007 4197 1171 4266 commisso
1187 4224 1257 4266 oum
1277 4201 1381 4268 Wan-

288 4305 366 4372 dalis
389 4304 505 4391 proelio,
528 4304 649 4383 acriter,
671 4309 779 4388 utpote
801 4324 858 4387 pro
880 4301 1033 4368 libertatis
1055 4301 1153 4388 gloria
1172 4301 1377 4382 decertantes,
