3158 5122
592 441 871 498 EPlLEGOMENA·
1208 449 1281 496 xxv

184 609 264 674 sicut
285 607 458 674 retulerunt
484 602 584 679 nobis,
601 601 739 685 qni-cam
755 603 976 680 lustraverunt,
993 624 1054 668 non
1068 601 1183 668 tamin
1200 603 1280 668 mari

185 720 233 774 est
260 709 371 795 posita,
398 726 491 790 qnam
517 701 644 768 marinis
667 700 824 777 fluctibus,
852 711 979 789 propter
1008 702 1169 788 planitiem
1199 725 1280 768 mar·

185 809 303 895 girum,
319 817 419 874 terrae
432 803 641 869 ambientibus
658 801 854 868 circnmlbsa.
900 802 990 869 Intra
1010 803 1090 868 hanc
1112 827 1185 890 ergo
1208 825 1282 868 con-

187 909 290 975 stituti
316 907 430 994 populi,
445 905 521 968 dum
542 903 574 967 in
598 909 721 969 tantam
745 903 979 968 multitudinem
1001 904 1214 991 pullulassent,
1244 911 1282 970 ut

181 1007 251 1096 jam
280 1007 372 1074 simul
394 1004 535 1071 habitare
558 1025 621 1067 non
635 1003 785 1080 valerent,
808 1004 840 1069 in
865 1011 940 1080 tres,
965 1013 1002 1069 nt
1026 1005 1135 1092 fertur,
1157 1027 1282 1069 omnem

188 1117 344 1174 catervam
370 1113 475 1193 partes
500 1102 684 1180 dividentes,
699 1125 767 1187 qna
794 1125 834 1168 ex
859 1103 920 1170 illis
944 1127 1016 1190 pars
1042 1106 1176 1190 patriam
1189 1105 1282 1170 relin-

189 1232 292 1294 quere,
306 1227 463 1291 novasque
481 1203 607 1268 deberet
622 1202 711 1268 sedes
727 1204 898 1288 exquirere,
916 1214 999 1270 sorte
1014 1205 1174 1290 perquirit.

234 1308 299 1374 III.
324 1308 426 1394 Igitur
448 1327 486 1370 ea
507 1325 588 1390 pars,
607 1304 656 1368 cui
680 1325 745 1368 sors
767 1303 897 1368 dederat
913 1305 1050 1391 genitale
1071 1304 1172 1370 solum
1193 1326 1283 1370 exce-

189 1409 270 1484 dere,
285 1417 452 1491 exteraque
466 1427 542 1470 arva
556 1405 677 1482 sectari,
691 1404 842 1470 ordinatis
857 1427 949 1490 snper
962 1428 995 1470 se
1010 1403 1131 1470 dnobus
1143 1404 1283 1482 ducibus,

192 1511 266 1575 lbor
280 1509 398 1574 scilicet
414 1515 445 1572 et
461 1504 585 1592 Aycue,
602 1505 655 1588 qui
671 1514 704 1570 et
718 1505 857 1589 germani
875 1513 972 1584 erant,
991 1519 1023 1569 et
1032 1503 1164 1590 juvenili
1179 1505 1283 1570 adhuc

189 1617 283 1676 atate
308 1606 421 1683 floridi,
447 1611 479 1670 et
504 1605 623 1670 caeteris
648 1605 890 1690 praestantiores,
914 1605 956 1670 ad
980 1605 1185 1690 exquirendas
1208 1627 1285 1690 quas

191 1709 309 1796 possint
338 1708 471 1771 incolere
497 1713 606 1782 terras,
629 1705 776 1790 sedesque
804 1714 952 1783 statuere,
984 1705 1193 1772 valedicentes
1221 1705 1285 1772 suis

192 1810 284 1875 simul
309 1815 341 1872 et
366 1807 484 1891 petriae,
506 1804 567 1869 iter
593 1805 755 1891 arripiunt.
802 1806 927 1871 Horum
952 1813 1019 1871 erat
1045 1806 1159 1872 ducum
1184 1813 1286 1872 mater

192 1909 316 1973 nomine
334 1906 502 1982 Gambnra,
520 1904 631 1970 mulier
644 1912 795 1990 quantum
812 1907 894 1972 inter
910 1929 982 1972 suos
999 1915 1031 1972 et
1047 1907 1171 1992 ingenio
1193 1906 1284 1983 acria

194 2019 226 2073 et
251 2006 385 2072 consiliis
407 2003 557 2090 provida;
584 2004 624 2069 de
649 2003 737 2091 cujus
764 2007 796 2070 iu
818 2006 910 2072 rebus
925 2006 1027 2072 dubiis
1041 2007 1207 2093 prudentia
1223 2027 1286 2072 non

195 2107 358 2173 minimum
376 2103 585 2170 confidebant.

240 2207 302 2272 IV.
326 2205 423 2271 Hand
443 2205 534 2270 abre
559 2227 624 2280 esse
649 2204 793 2284 arbitror,
811 2206 966 2292 paulisper
982 2207 1129 2272 narrandi
1145 2206 1287 2272 ordinem

196 2316 391 2394 postponere,
409 2314 441 2371 et
457 2305 529 2389 quia
544 2305 646 2370 adhuc
663 2305 764 2392 stylus
778 2307 810 2370 in
837 2306 1005 2372 Germania
1029 2309 1171 2385 vertitur,
1195 2305 1288 2372 mira·

197 2408 301 2474 culum
324 2406 406 2491 quod
428 2406 491 2470 illic
513 2405 598 2491 apud
612 2428 719 2470 omnes
733 2406 852 2470 celebre
866 2407 1010 2484 habetur,
1029 2407 1131 2473 sedet
1147 2405 1289 2490 quadam

196 2499 259 2575 alia
273 2508 409 2572 breviter
424 2505 579 2570 iutimare.
626 2507 662 2570 In
680 2507 827 2572 extremis
842 2506 978 2572 Circium
994 2529 1100 2573 versus
1115 2507 1289 2572 Germania

197 2606 320 2686 finibus,
335 2609 367 2673 iu
385 2608 452 2693 ipso
470 2607 587 2672 Oceani
603 2606 702 2685 litore,
719 2615 845 2672 antrum
866 2608 925 2673 sub
947 2607 1096 2672 eminenti
1117 2629 1193 2692 rupe
1215 2629 1290 2671 con·

197 2710 336 2795 spicitur,
365 2708 419 2773 nbi
444 2715 564 2792 septem
588 2707 646 2772 viri
675 2707 841 2791 (incertum
868 2731 906 2774 ex
935 2731 995 2794 qno
1019 2709 1172 2793 tempore)
1199 2707 1291 2793 longo

198 2809 292 2895 sopiti
307 2830 416 2894 sopore
433 2808 605 2891 quiescunt,
626 2807 672 2872 ita
692 2807 806 2874 inlaesis
823 2830 885 2873 non
909 2808 1008 2873 solnm
1032 2807 1220 2894 corporibus,
1236 2805 1292 2872 sed

199 2911 295 2976 etiam
312 2907 512 2985 vestimentis,
528 2914 564 2972 ut
580 2929 621 2972 ex
636 2908 695 2972 hoe
713 2907 789 2993 ipsc,
806 2907 888 2993 quod
903 2908 969 2974 sinc
983 2908 1047 2974 ulla
1062 2931 1117 2995 per
1131 2914 1179 2972 tot
1194 2930 1293 2973 anno-

199 3033 267 3075 rum
283 3009 435 3075 curricula
450 3007 646 3093 corruptione
661 3009 842 3094 perdurant,
858 3009 943 3094 apud
957 3009 1105 3074 indociles
1118 3007 1244 3074 easdam
1260 3015 1292 3074 et

200 3111 347 3176 barbaras
368 3108 520 3186 nationes,
541 3107 732 3174 venerationi
756 3108 941 3174 habeantur.
987 3109 1033 3174 Hi
1050 3109 1182 3194 denique
1196 3131 1293 3194 qnan-

201 3219 270 3275 tum
293 3209 333 3275 ad
359 3209 502 3274 habitum
528 3216 659 3294 spectat,
675 3209 809 3274 Romani
825 3231 890 3274 esse
915 3217 1093 3275 cernuntur.
1138 3209 1293 3295 Eqnibus

202 3309 277 3374 dum
301 3332 398 3374 unum
420 3309 546 3393 qnidam
573 3309 744 3394 cupiditate
770 3308 949 3375 stimulatus
972 3311 1067 3376 vellet
1079 3333 1203 3389 exuere,
1218 3335 1293 3378 mox

203 3407 269 3494 ejus
291 3417 328 3474 nt
352 3408 466 3473 dieitur
485 3409 614 3474 brachia
626 3416 784 3488 aruerunt,
800 3432 949 3495 prunaque
963 3433 1021 3476 sna
1034 3419 1162 3478 ceteros
1175 3419 1295 3499 perter-

202 3511 275 3587 ruit,
288 3531 327 3573 ne
342 3508 410 3592 quis
424 3531 477 3574 ecs
490 3509 620 3574 ulterius
634 3509 811 3595 contingere
824 3510 963 3576 auderet.
1010 3509 1136 3578 Videris
1148 3513 1189 3577 ad
1203 3536 1295 3598 quem

202 3631 255 3674 eos
271 3609 453 3695 proiectum,
472 3631 527 3694 per
543 3615 593 3672 tot
613 3618 755 3695 tempora
776 3609 973 3696 providentia
993 3611 1100 3677 divina
1121 3621 1292 3679 conservet.

204 3709 351 3776 Fortasse
375 3709 486 3773 horum
508 3707 699 3792 quandoque,
727 3709 800 3794 quia
826 3731 888 3776 non
916 3711 1007 3777 aliter
1036 3712 1095 3778 nisi
1125 3712 1294 3780 Obristinni

207 3832 273 3876 esse
288 3816 448 3897 putantur,
465 3815 575 3895 gentes
590 3807 653 3873 illae
668 3809 889 3894 predicatione
904 3811 1060 3878 salvanda
1077 3821 1161 3878 sunt.

250 3910 292 3975 V.
317 3909 403 3975 Huic
431 3909 499 3974 loco
529 3906 696 3974 Scritobini
731 3911 791 3995 (sic
821 3910 903 3976 enim
923 3935 1000 3997 gens
1021 3913 1075 3979 illa
1099 3913 1293 3996 nominatur)

206 4009 299 4075 vicini
321 4017 403 4086 sunt,
422 4009 474 4094 qni
497 4007 592 4073 etiam
607 4008 725 4075 aestatis
740 4018 878 4095 tempore
894 4012 1018 4078 nivibus
1030 4035 1093 4078 non
1109 4023 1224 4094 carent,
1239 4037 1298 4080 nec

207 4109 286 4188 aliis,
300 4115 411 4195 utpote
425 4109 498 4175 feris
511 4108 586 4195 ipsis
600 4109 719 4175 ratione
733 4131 795 4174 non
813 4110 962 4196 dispares,
978 4135 1071 4197 quam
1086 4115 1190 4180 crudis
1210 4138 1297 4201 agre

208 4210 303 4276 stium
333 4209 536 4275 animantium
566 4209 710 4276 carnibus
740 4219 925 4288 vescuntur,
968 4212 1007 4276 de
1038 4237 1168 4299 quornm
1202 4217 1298 4280 etiam

208 4310 299 4376 hirtis
321 4309 453 4395 pellibus
474 4309 532 4374 sibi
548 4309 732 4376 indumenta
747 4319 905 4397 coaptant.
952 4311 999 4375 Hi
1013 4335 1032 4378 a
1047 4313 1192 4396 saliendo,
1201 4313 1300 4400 juxta

209 4411 347 4497 linguam
385 4409 559 4488 barbaram,
599 4411 821 4497 etymologiam
857 4412 986 4477 ducunt.
1043 4413 1182 4481 Saltibus
1217 4415 1299 4480 enim
