3144 5080
579 437 871 494 rnocnoounnn.
1219 423 1269 492 lix

177 607 307 675 liceret:
333 627 399 670 sese
413 601 528 667 habere
545 600 697 685 quasdam
714 621 773 678 res,
792 621 869 683 quas
884 621 923 664 ex
939 598 1096 664 communi
1120 619 1271 664 consensu

175 707 216 772 ab
239 729 275 770 eo
299 713 404 792 petere
418 701 565 769 vellent.”
610 701 660 766 Ea
685 723 719 766 re
742 701 903 786 permissa,
934 698 1017 764 diem
1040 697 1169 764 concilio
1197 719 1271 762 con·

176 807 348 873 stituerunt
375 812 408 870 et
432 800 646 890 jurejurando,
682 823 721 866 ne
748 800 817 885 quis
846 799 1037 876 enuntiaret,
1070 798 1129 864 nisi
1158 798 1270 882 quibus

177 907 333 972 communi
348 903 474 972 consilio
489 903 673 968 mandatum
689 909 780 979 esset,
796 901 877 967 inter
891 923 924 968 se
939 906 1118 966 sanxerunt.

221 1005 365 1072 XXXI.
400 1005 449 1072 Eo
476 1003 607 1070 concilio
634 1001 771 1079 dimisso,
800 1001 896 1068 iidem
918 1001 1071 1086 principes
1094 999 1268 1078 civitatum,

175 1107 228 1192 qni
259 1115 332 1173 ante
368 1106 493 1172 merant
531 1104 572 1170 ad
612 1103 777 1192 (lacerem,
808 1107 1004 1168 reverterunt
1042 1100 1269 1186 petieruntque,

178 1208 225 1273 uti
242 1207 302 1274 sibi
327 1215 446 1273 secreto
471 1202 641 1270 inocculto
665 1203 704 1268 de
719 1225 775 1270 sua
797 1203 997 1286 omniumque
1021 1201 1122 1280 salute
1147 1222 1218 1265 cnm
1234 1221 1273 1264 eo

175 1331 266 1395 agere
281 1308 399 1380 liceret.
450 1305 500 1372 Ea
514 1327 547 1370 re
572 1303 752 1389 impetrata,
767 1325 834 1370 sese
848 1325 956 1368 omnes
970 1299 1080 1367 flentes
1094 1300 1211 1366 caesari
1229 1299 1270 1365 ad

177 1408 272 1494 pedes
288 1406 504 1494 projecerunt:
530 1411 621 1470 “non
636 1405 739 1471 minus
756 1427 789 1470 se
806 1404 840 1469 id
855 1401 1042 1468 contendere
1064 1409 1097 1466 et
1118 1401 1269 1478 laborare,

175 1531 214 1573 ne
230 1531 276 1587 oa,
291 1531 358 1592 qua
374 1508 536 1582 dixissent,
554 1507 802 1584 annumerentur,
824 1527 918 1589 quam
935 1503 1044 1580 utica,
1060 1525 1127 1586 qua
1143 1501 1269 1579 vellent,

177 1610 390 1695 impetrarent,
409 1615 573 1695 propterea
598 1607 692 1691 quod,
717 1607 743 1672 si
767 1606 967 1670 enunciatum
994 1617 1087 1680 esset,
1113 1625 1270 1668 summum

177 1709 208 1774 in
246 1710 418 1774 cruciatum
446 1731 478 1774 se
508 1716 654 1774 venturos
675 1707 848 1774 viderent.''
900 1704 1039 1770 Locutus
1064 1711 1112 1769 est
1140 1726 1196 1788 pro
1220 1702 1269 1766 his

178 1809 354 1876 Divitiacus
377 1807 527 1874 AEduus:
568 1815 588 1845 “
602 1809 713 1873 Galliae
746 1809 845 1873 totius
878 1805 1029 1870 factiones
1066 1825 1133 1870 esse
1166 1803 1265 1877 duas;

178 1909 291 1973 harum
303 1909 431 1974 alterius
447 1908 655 1994 principatum
670 1918 776 1974 tenere
802 1907 940 1984 AEduos,
955 1904 1083 1971 alterius
1098 1905 1269 1970 Arvernos.

181 2009 227 2072 Hi
243 2030 338 2092 quum
351 2015 512 2093 tantopere
527 2009 566 2072 de
581 2017 747 2094 potentatu
761 2010 843 2074 inter
852 2029 885 2074 so
901 2008 1017 2074 multos
1030 2027 1128 2072 annos
1143 2012 1272 2070 conten-

179 2109 299 2185 derent,
322 2109 440 2173 factum
467 2129 544 2184 esse,
566 2109 613 2174 uti
640 2109 680 2173 ab
707 2108 857 2174 Arvernis
883 2107 1093 2191 Sequanisque
1122 2105 1271 2172 Germani

179 2207 321 2274 mercede
346 2215 582 2274 arcesserentur.
633 2207 760 2274 Horum
791 2209 891 2294 primo
919 2208 1041 2273 circiter
1080 2207 1179 2272 millia
1215 2229 1271 2270 xv.

179 2307 325 2374 Rhenum
355 2308 524 2374 transisse:
557 2315 759 2393 posteaquam
788 2331 879 2393 agnos
901 2315 933 2372 et
960 2308 1079 2372 cultum
1104 2316 1137 2372 ct
1166 2307 1272 2392 copias

180 2409 342 2474 Gallorum
369 2408 511 2474 homines
534 2407 590 2474 feri
617 2431 655 2474 ac
688 2408 812 2474 barbari
838 2409 1048 2484 adamassent,
1072 2407 1272 2474 transductus

179 2509 304 2595 plures;
331 2531 415 2574 nunc
431 2531 497 2574 esse
518 2509 551 2574 in
578 2508 682 2575 Gallia
697 2507 738 2574 ad
760 2533 786 2574 o.
807 2516 839 2574 et
861 2533 917 2574 xx.
933 2507 1065 2572 millium
1086 2530 1269 2572 numerum:

179 2633 251 2675 eum
274 2609 323 2676 his
340 2609 468 2676 AEduos
484 2631 652 2694 eorumque
675 2611 806 2676 clientes
820 2611 915 2676 semel
931 2616 1024 2693 atque
1040 2609 1153 2674 iterum
1177 2608 1272 2672 armis

179 2710 396 2776 contendisse:
424 2731 570 2795 magnam
594 2710 806 2776 calamitatem
825 2711 931 2796 pulsos
957 2709 1122 2794 accepisse,
1146 2730 1272 2773 omnem

181 2809 390 2888 nobilitatem,
422 2833 546 2876 ornnem
581 2821 735 2890 senatum,
764 2834 888 2877 omnem
919 2809 1093 2896 equitatum
1121 2809 1272 2874 amisisse.

180 2911 301 2993 Quibus
315 2911 429 2996 proeliis
444 2912 735 2996 calamitatibusque
749 2912 876 2990 fractos,
892 2912 946 2996 qni
964 2919 996 2976 et
1023 2933 1079 2976 sua
1093 2911 1220 2988 virtute,
1239 2917 1272 2974 et

183 3011 289 3095 populi
321 3011 455 3077 Romani
483 3012 618 3096 hospitio
646 3020 740 3098 atque
769 3013 910 3079 amicitia
940 3011 1109 3097 plurimum
1135 3019 1209 3076 ante
1239 3011 1271 3076 in

181 3110 284 3176 Gallia
309 3111 493 3197 potuissent,
519 3120 643 3178 coactos
669 3135 735 3178 esse
756 3113 908 3197 Sequanis
935 3111 1058 3178 obsides
1081 3111 1165 3188 dare,
1181 3111 1270 3176 nobi·

180 3211 313 3277 lissimos
336 3212 482 3289 civitatis,
509 3222 540 3277 et
558 3211 763 3299 jurejurando
786 3214 946 3280 civitatem
977 3212 1180 3298 obstringere,
1205 3235 1272 3278 sese

179 3334 278 3395 neque
305 3312 428 3378 obsides
452 3312 648 3397 repetituros,
666 3336 765 3398 neque
779 3313 931 3379 auxilium
958 3336 977 3378 a
1002 3313 1115 3399 populo
1129 3313 1273 3378 Romano

181 3411 408 3498 imploraturos,
439 3435 538 3497 neque
565 3421 772 3490 recusaturos,
804 3437 865 3499 quo
897 3413 999 3479 minus
1027 3421 1176 3499 perpetuo
1214 3415 1272 3479 sub

180 3513 303 3578 illorum
319 3512 435 3578 ditione
452 3525 546 3598 atque
559 3514 689 3600 imperio
703 3523 816 3580 essent.
872 3515 978 3578 Unum
1000 3537 1033 3579 se
1049 3537 1115 3580 esse
1132 3537 1172 3578 ex
1187 3514 1271 3579 omni

179 3613 307 3678 civitate
322 3613 515 3690 AEduorurn,
531 3613 584 3698 qui
611 3613 724 3680 adduci
749 3637 811 3680 non
835 3615 983 3700 potuerit,
1010 3623 1045 3680 ut
1065 3612 1199 3699 juraret,
1214 3622 1271 3680 aut

178 3714 291 3779 liberos
315 3737 387 3780 suos
402 3714 525 3780 obsides
540 3715 639 3780 daret.
691 3715 741 3780 Ob
766 3739 835 3782 eam
856 3739 923 3782 rem
941 3739 973 3782 se
1000 3737 1040 3782 ex
1056 3714 1184 3780 civitate
1202 3738 1272 3799 pro

179 3813 293 3900 fugisse
308 3822 340 3880 et
361 3814 495 3880 Romam
523 3813 564 3879 ad
586 3824 728 3882 senatum
751 3817 880 3894 venisse,
896 3816 1047 3882 auxilium
1070 3815 1272 3900 postulatum,

180 3914 264 3999 quod
278 3915 362 3981 solus
381 3938 480 3999 neque
489 3912 693 4001 jurejurando
708 3940 808 4003 neque
823 3916 982 3983 obsidibus
995 3923 1162 4000 teneretur
1208 3915 1273 3980 Sed

180 4011 269 4100 pejus
283 4015 450 4081 victoribus
468 4015 630 4100 Sequanis,
646 4040 739 4102 quam
754 4017 874 4082 AEduis
888 4016 989 4093 victis,
1004 4013 1163 4093 accidisse,
1180 4038 1273 4100 prop-

181 4121 268 4178 terea
291 4115 374 4200 quod
397 4116 584 4193 Ariovistus,
621 4137 677 4181 rex
705 4117 940 4195 Germanorum,
968 4116 1000 4180 in
1027 4137 1133 4182 eornm
1161 4115 1273 4184 linibus

181 4214 368 4280 consedisset
382 4218 569 4301 tertiamque
586 4225 708 4303 partem
723 4217 788 4303 agri
803 4217 948 4301 Sequani,
967 4217 1019 4303 qui
1034 4224 1116 4282 esset
1136 4217 1275 4302 optimus

181 4314 279 4379 totius
310 4315 429 4394 Galliae,
459 4319 672 4404 occupavisset
690 4327 721 4383 et
752 4341 834 4384 nunc
862 4317 901 4382 de
932 4319 1031 4383 altera
1061 4325 1150 4402 parte
1179 4317 1273 4382 tertia

181 4413 340 4499 Sequanos
363 4415 509 4483 decedere
533 4416 671 4504 juberet,
695 4427 858 4504 propterea
884 4419 967 4503 quod
993 4417 1099 4505 paucis
1117 4418 1274 4483 mensibus
