3088 5080
565 446 858 504 PROLEGOMENA.
1201 437 1257 502 xci

165 611 221 689 ria,
249 632 331 674 nnnc
355 616 482 696 agentes
506 606 634 692 gratias,
659 602 742 688 quod
766 625 804 668 ea
828 603 971 671 Romana
991 603 1118 692 justitia
1144 605 1260 684 finiret,

165 711 332 794 feritasque
359 732 415 774 sua
443 708 582 773 novitate
611 705 778 790 incognita·
808 704 978 790 disciplinae
1007 707 1196 785 mitesceret,
1228 719 1260 775 et

165 811 257 876 solita
269 810 363 874 armis
376 809 513 874 descerni
522 806 595 893 jure
609 805 859 882 terminarentur,
875 807 907 871 in
920 829 1073 873 summam
1087 809 1259 874 socordiam

167 910 339 996 perduxere
361 908 586 992 Quinctilium
610 929 707 990 usqae
733 927 780 982 eo,
804 913 840 971 ut
866 928 899 972 se
921 917 1085 992 praetorem
1106 909 1260 974 urbanum

167 1011 197 1076 in
219 1011 287 1076 foro
301 1009 356 1098 jus
377 1010 489 1087 dicere,
513 1031 575 1073 non
599 1007 632 1072 in
651 1006 761 1070 mediis
785 1006 960 1073 Germania
981 1007 1094 1075 finibus
1108 1009 1261 1075 exercitui

166 1134 296 1196 praesse
319 1111 468 1176 crederet.
515 1108 597 1172 Tum
612 1105 740 1192 juvenis
760 1129 873 1192 genere
898 1109 1020 1188 nobilis,
1042 1131 1138 1174 manu
1160 1110 1259 1188 fortis,

164 1235 257 1277 sensu
268 1211 359 1289 celer,
373 1211 456 1276 ultra
467 1209 633 1275 barbarum
648 1213 788 1293 promtus
803 1207 936 1294 ingenio,
949 1209 1073 1275 nomine
1087 1209 1261 1289 Arminius,

166 1313 309 1398 Sigimeri
339 1311 487 1397 principie
517 1309 621 1396 gentis
649 1305 717 1394 ejus
748 1305 840 1384 tilius,
873 1310 1017 1375 ardorem
1046 1311 1143 1376 animi
1168 1312 1260 1376 vultu

164 1413 322 1497 oculisque
350 1412 523 1498 praeferens,
553 1409 697 1475 assiduus
724 1407 845 1473 militia
871 1417 984 1476 nostrae
1010 1409 1120 1496 prioris
1146 1433 1259 1490 comes,

167 1513 268 1595 (cum)
289 1510 362 1599 jure
384 1513 481 1578 etiam
503 1510 647 1576 civitates
669 1510 818 1575 Romana
835 1505 890 1594 jus
906 1511 1057 1595 equestris
1073 1533 1262 1598 consequens

163 1613 290 1699 gradus,
314 1613 448 1699 segnitia
470 1612 558 1676 ducis
580 1612 613 1676 in
633 1611 827 1676 occasionem
849 1610 973 1676 sceleris
995 1634 1069 1678 usus
1090 1620 1148 1689 est,
1173 1613 1259 1678 band

163 1712 378 1800 imprudenter
400 1711 586 1799 speculatus,
609 1712 765 1776 neminem
791 1710 920 1776 celerius
939 1711 1082 1799 opprimi,
1098 1735 1191 1797 qaam
1206 1713 1258 1797 qni

165 1814 243 1879 nibil
267 1815 413 1889 timeret;
442 1821 475 1877 et
501 1812 783 1896 frequentissimum
808 1811 932 1877 initium
963 1835 1029 1878 essa
1061 1813 1258 1892 calamitatis,

165 1914 376 1978 securitatem.
440 1912 548 1978 Primo
581 1912 677 1997 igitar
708 1933 833 1997 paucos,
867 1935 942 1977 mox
969 1913 1073 1998 plures
1103 1913 1136 1978 in
1166 1914 1261 1980 socie·

167 2022 266 2076 tatem
295 2009 413 2077 consilii
437 2012 565 2097 recipit:
593 2011 726 2098 opprimi
758 2035 847 2097 posse
868 2013 1037 2092 Romanos,
1061 2021 1094 2080 et
1116 2014 1203 2093 dicit,
1228 2021 1260 2079 et

166 2110 353 2198 persuadet3
391 2112 523 2177 decretis
545 2111 629 2176 facta
648 2109 775 2197 jungit3
799 2121 922 2198 tempus
945 2113 1127 2180 insidiarum
1147 2117 1260 2180 consti·

168 2213 240 2278 tuit.
288 2213 327 2276 Id
354 2211 442 2277 Varo
465 2234 522 2297 per
549 2211 651 2276 virum
676 2209 743 2296 ejus
770 2215 874 2297 gentis
899 2211 1022 2279 fidelem
1047 2214 1183 2300 clarique
1205 2238 1260 2280 no-

166 2312 260 2378 minis
282 2311 430 2399 Segesten
452 2311 620 2377 indieatnr.
666 2310 730 2376 Sed
750 2312 917 2378 obstabant
932 2311 1003 2400 jam
1027 2314 1095 2381 fata
1114 2315 1259 2394 consitiis,

166 2435 350 2499 omnemque
370 2412 467 2479 animi
487 2409 553 2497 ejus
575 2413 674 2477 aciem
699 2411 966 2498 praestrinxerant.
1017 2414 1140 2500 Quippe
1159 2415 1205 2480 ita
1227 2437 1260 2481 se

165 2535 216 2579 res
231 2513 336 2593 habet,
354 2521 391 2578 nt
406 2514 587 2600 plerumque
604 2511 688 2601 [qui]
706 2512 863 2576 fortunam
879 2523 1057 2582 mutaturus
1074 2514 1172 2592 Deus,
1188 2537 1260 2580 coa·

166 2613 235 2680 silia
258 2622 446 2700 corrumpat,
475 2610 659 2698 efficiatque,
685 2613 769 2698 qnod
788 2613 995 2680 miserrimum
1017 2621 1076 2693 est,
1099 2623 1149 2692 nt,
1175 2615 1261 2699 qnod

166 2714 291 2794 accidit,
313 2714 347 2780 id
362 2715 458 2780 etiam
472 2714 585 2779 merito
599 2713 749 2779 accidisse
763 2713 918 2793 videatur,
936 2723 969 2780 et
985 2737 1076 2782 cesus
1089 2714 1122 2780 in
1137 2717 1260 2802 culpam

165 2823 315 2882 transeat.
378 2814 482 2902 Negat
511 2815 616 2899 itaque
646 2837 679 2880 se
702 2813 837 2888 credere,
864 2837 1012 2902 spemque
1043 2815 1076 2880 in
1107 2838 1141 2881 se
1169 2815 1261 2882 bene-

166 2916 310 2982 volentia
331 2938 378 2980 ex
404 2915 516 2982 mento
541 2915 697 2980 aestimare
721 2913 895 3001 profitetur.
947 2917 1015 2982 Nec
1038 2915 1166 2996 diutius,
1188 2924 1260 3004 post

165 3017 300 3102 primum
317 3015 463 3092 indicem,
481 3015 616 3081 secundo
628 3015 755 3081 relictus
769 3015 865 3082 loeus.

215 3116 349 3183 cxlx.
373 3115 523 3182 Ordinem
545 3114 745 3182 atrocissima
767 3115 965 3194 calamitatis,
989 3139 1050 3202 qua
1071 3117 1165 3196 nulla,
1189 3125 1260 3204 post

166 3217 269 3284 Orassi
291 3217 323 3282 in
347 3217 475 3282 Parthis
497 3215 656 3294 damam,
679 3216 712 3281 in
734 3215 871 3282 externis
888 3217 1033 3304 gentibus
1046 3218 1171 3304 gravim
1193 3217 1259 3284 Ro-

165 3319 266 3384 manis
294 3317 364 3398 fnit,
389 3315 485 3403 justis
519 3315 736 3396 voluminibus,
765 3325 802 3382 nt
831 3316 894 3395 alii,
920 3317 966 3383 ita
993 3340 1050 3384 nos
1079 3318 1260 3384 conabimur

165 3441 330 3504 exponere.
376 3417 468 3482 Nunc
499 3439 622 3483 summa
650 3414 794 3483 deflenda
820 3424 879 3484 est.
923 3416 1092 3484 Exercitus
1120 3419 1259 3484 omnium

163 3519 359 3598 fortissimus,
385 3517 557 3603 disciplina,
584 3539 692 3594 manu,
720 3517 973 3603 experientiaque
997 3518 1149 3583 bellorum
1178 3518 1260 3584 inter

165 3620 324 3686 Romanos
352 3619 469 3684 milites
498 3617 651 3703 princeps,
686 3641 826 3684 marcore
858 3618 958 3691 ducis,
992 3618 1123 3704 pertidia
1148 3617 1257 3698 hostis,

163 3720 328 3806 iniquitate
354 3718 488 3784 fortunae
511 3719 739 3784 circumventas
764 3719 852 3801 (cum
874 3741 914 3783 ne
943 3718 1102 3804 pugnandi
1131 3717 1258 3802 quidem

164 3829 219 3886 aut
241 3819 420 3908 egrediendi
447 3818 568 3885 occasio
586 3818 637 3895 iis,
659 3819 692 3883 in
716 3826 868 3904 quantum
885 3818 1058 3898 voluerant,
1083 3817 1160 3885 data
1176 3825 1259 3886 esset

164 3922 309 4007 impune3
350 3919 511 4006 castigatis
533 3918 629 3985 etiarn
652 3919 838 4004 quibusdam
859 3919 948 4006 gravi
971 3941 1070 4006 poena,
1099 3917 1173 4003 quia
1195 3920 1259 3986 Ro-

164 4021 265 4088 manis
285 4030 319 4087 et
343 4021 438 4086 armis
460 4029 493 4085 et
514 4018 626 4085 animis
647 4019 696 4085 nsi
718 4019 874 4105 inissent),
902 4019 1038 4086 inclusus
1055 4018 1151 4096 silvis,
1171 4021 1258 4107 palu·

164 4120 268 4199 dibus,
293 4121 424 4198 insidiis,
444 4119 485 4186 ab
506 4143 544 4186 eo
567 4119 656 4186 hoste
677 4120 719 4184 ad
738 4119 980 4186 internecionem
1002 4119 1177 4186 trucidatus
1198 4129 1256 4200 est,

164 4244 257 4306 quem
281 4243 402 4308 semper
421 4222 467 4286 ita
489 4243 575 4286 more
597 4219 753 4307 pecudum
777 4219 1001 4298 trucidaverat,
1023 4230 1060 4287 ut
1081 4219 1180 4286 vitam
1202 4230 1258 4287 aut

163 4329 297 4387 mortem
324 4319 389 4408 ejas
415 4345 497 4388 nane
519 4321 577 4398 ira,
603 4343 685 4387 nunc
709 4320 800 4388 venia
824 4328 1022 4408 temperaret.
1084 4319 1167 4385 Duci
1189 4323 1260 4406 plus

163 4421 205 4487 ad
230 4421 436 4500 moriendum,
466 4409 560 4507 quam
583 4421 625 4487 ad
652 4422 866 4509 pugnandum,
889 4421 985 4487 animi
1008 4421 1079 4488 biit.
1137 4421 1260 4508 Quippe
