3158 5122
324 445 373 491 xx
596 432 673 489 THE
696 430 878 487 GERMANY
903 429 951 486 01³
976 430 1142 487 recisus.

328 592 410 659 unde
446 591 618 678 digressum
655 591 795 670 fecimus,
832 593 1005 672 redeamus,
1036 595 1263 678 doceamusque
1298 593 1431 677 quando

329 693 405 759 ordo
419 693 531 779 gentis,
547 692 630 758 unde
644 693 775 780 agimus,
791 716 898 760 cursus
912 694 960 759 sni
975 703 1092 760 metam
1107 693 1289 780 expleverit.
1326 693 1431 757 Abla·

331 795 399 858 vius
425 794 506 859 enim
527 793 692 858 historicus
715 793 819 872 refert,
835 795 908 878 quia
927 795 971 859 ibi
991 818 1084 881 super
1099 795 1230 860 limbum
1245 792 1355 870 Ponti,
1373 792 1433 857 ubi

333 917 385 959 eos
410 893 546 958 diximus
570 894 602 959 iu
628 893 761 979 Scythia
784 916 989 970 commanere,
1012 917 1085 981 pars
1110 918 1226 972 eorum,
1244 894 1298 978 qui
1325 893 1432 957 orien-

334 995 429 1059 talem
451 993 574 1080 plagam
594 994 755 1068 tenebant,
774 993 876 1078 eisque
900 1003 1031 1078 praerat
1048 995 1239 1080 Ostrogotha
1256 995 1432 1077 (incertum

334 1103 439 1160 utrum
463 1094 503 1159 ab
518 1095 613 1180 ipsius
627 1093 760 1170 nomine,
777 1117 816 1158 au
832 1095 933 1159 alooo
947 1095 1106 1180 orientali)
1125 1095 1203 1160 dicti
1219 1101 1293 1160 sunt
1319 1093 1434 1158 Ostro-

335 1194 452 1281 gothus,
469 1195 583 1260 residui
598 1218 671 1261 vero
690 1194 891 1280 Wesegothae
906 1195 936 1258 in
952 1204 1042 1280 parte
1057 1196 1196 1260 occidua.
1241 1194 1286 1258 Et
1301 1194 1435 1278 quidem

330 1295 398 1382 jam
414 1296 559 1372 diximus,
575 1318 627 1362 eos
641 1294 772 1360 transito
787 1294 933 1359 Danubio
956 1294 1149 1380 aliquantum
1172 1294 1324 1381 temporis
1345 1294 1436 1380 apud

340 1397 493 1474 Moesiam,
510 1395 738 1479 Thraciamque
753 1395 876 1460 vixisse.

528 1489 550 1530 a
702 1488 725 1529 a
878 1489 899 1530 a
1052 1489 1074 1532 a
1227 1489 1249 1530 a

382 1596 437 1661 Ab
461 1595 534 1659 hinc
559 1617 641 1680 ergo,
657 1601 693 1659 ut
717 1594 905 1672 dicebamus,
924 1601 994 1680 post
1015 1596 1140 1680 longam
1161 1593 1357 1660 obsidionem
1380 1617 1435 1658 ac-

238 1775 246 1792 ·
339 1703 429 1781 cepto
444 1695 570 1781 premio
586 1695 704 1760 ditatus
719 1694 811 1773 Geta,
827 1696 953 1760 recessit
967 1694 1010 1759 ad
1025 1697 1169 1781 patriam.
1215 1696 1315 1778 Quem
1337 1694 1437 1779 Gepi-

340 1796 450 1861 darum
485 1815 612 1860 cernens
644 1793 731 1858 natio
767 1793 870 1860 subito
898 1795 1011 1880 ubique
1040 1796 1225 1874 vincentem,
1257 1795 1438 1880 praedisque

339 1895 485 1972 ditatum,
500 1893 618 1960 invidia
631 1893 753 1972 ductus,
768 1916 857 1959 arma
878 1895 911 1960 in
934 1901 1078 1981 parentes
1101 1903 1216 1960 movet.
1267 1895 1439 1976 Quomodo

339 2017 412 2060 vero
439 1994 527 2059 Geta
553 1993 743 2080 Gepidaeque
764 1994 828 2059 sint
851 2002 994 2079 parentes
1015 1996 1042 2061 si
1064 1997 1186 2080 quaeris
1206 1994 1313 2080 paucis
1330 1995 1438 2060 absol·
1567 2058 1568 2065 ,

340 2117 422 2160 vam.
476 2095 656 2161 Meminisse
673 2095 776 2172 debes,
794 2117 844 2158 me
859 2095 947 2159 initio
963 2095 1002 2160 de
1027 2095 1163 2160 Scanziae
1185 2095 1293 2160 insula
1312 2096 1439 2180 gremio
1567 2084 1568 2135 l

342 2195 463 2260 Gothos
486 2196 601 2262 dixisse
627 2217 764 2281 egressos
787 2217 858 2258 cum
881 2194 994 2260 Berich
1018 2219 1073 2261 suo
1093 2219 1174 2281 rege,
1191 2195 1291 2260 tribus
1306 2203 1437 2260 tantum

341 2296 472 2362 navibus
486 2303 592 2361 vectos
606 2295 647 2360 ad
662 2295 813 2360 citerioris
827 2295 944 2360 Oceani
959 2295 1058 2381 ripam
1072 2321 1080 2370 ;
1105 2318 1233 2380 quarum
1254 2295 1352 2360 trium
1369 2319 1438 2360 uua

341 2396 439 2476 navis,
466 2403 502 2461 ut
525 2397 647 2474 assolet,
670 2395 790 2460 tardius
812 2404 912 2474 vecta,
934 2418 1047 2460 nomen
1070 2397 1156 2481 genti
1172 2396 1270 2460 fertur
1285 2394 1435 2470 dedisse;

341 2520 414 2562 nam
438 2496 544 2582 lingua
569 2519 675 2561 eorum
696 2496 785 2581 pigra
812 2496 951 2582 Gaponto
966 2496 1090 2560 dicitur.
1136 2495 1221 2560 Hinc
1236 2495 1357 2560 factum
1375 2503 1436 2574 est,

342 2606 379 2662 ut
409 2597 571 2683 paullatim
595 2604 627 2662 et
655 2603 798 2680 corrupte
826 2617 937 2660 nornen
964 2597 1008 2661 eis
1027 2618 1067 2660 ex
1086 2595 1222 2660 convitio
1240 2604 1436 2660 nasceretur.

343 2697 472 2784 Gepidee
486 2717 620 2781 namque
633 2695 698 2761 sine
714 2695 808 2760 dubio
822 2717 862 2759 ex
877 2695 1052 2761 Gothorum
1067 2695 1210 2782 prosapia
1231 2695 1351 2761 ducunt
1373 2699 1438 2760 ori-

341 2798 463 2884 ginem:
489 2798 544 2863 sed
559 2797 639 2880 quia,
656 2801 692 2860 ut
708 2795 783 2872 dixi,
798 2794 942 2881 Gepanta
963 2797 1086 2881 pigrum
1107 2795 1223 2880 aliquid
1246 2797 1439 2879 tardumque

341 2899 454 2984 signat,
477 2919 534 2982 pro
556 2895 693 2982 gratuito
715 2895 849 2959 convitio
873 2896 1064 2980 Gepidarum
1086 2919 1198 2961 nomen
1213 2904 1358 2961 exortum
1375 2907 1439 2971 est,

343 2997 425 3082 quod
449 3019 507 3062 nec
530 2997 652 3082 ipsum;
692 2995 784 3060 credo
810 2995 1018 3064 falsissimum.
1071 2995 1152 3061 Sunt
1177 2997 1259 3062 enirn
1287 2997 1440 3062 tardioris

342 3097 465 3182 ingenii,
480 3098 636 3182 gravmres
649 3118 811 3180 corporum
826 3097 1002 3188 velocitate.
1047 3097 1093 3160 Hi
1108 3119 1181 3183 ergo
1204 3096 1333 3181 Gepida
1356 3098 1439 3161 tacti

342 3197 469 3276 invidia,
500 3196 619 3262 dudum
651 3204 757 3281 spreta
786 3195 954 3280 provincia,
987 3197 1224 3262 commanebant
1262 3197 1294 3261 in
1331 3197 1439 3262 insula

344 3295 459 3362 Visula
487 3297 587 3362 amnis
611 3295 699 3360 vadis
726 3296 922 3374 circumacta,
954 3319 1046 3379 quam
1066 3319 1129 3382 pro
1161 3298 1262 3382 patrio
1293 3319 1441 3362 sermone

343 3397 488 3463 dicebaut
504 3396 652 3482 Gepidos.
697 3395 788 3460 Nunc
810 3417 890 3474 cam,
905 3403 941 3460 nt
962 3395 1072 3473 fertm,
1095 3397 1228 3462 insulam
1250 3419 1330 3484 gens
1344 3397 1442 3462 Vivi-

343 3497 432 3563 daria
452 3496 568 3574 incolit,
591 3495 666 3581 ipsis
686 3495 726 3560 ad
749 3496 890 3560 meliores
911 3503 1011 3561 terras
1033 3497 1220 3563 meantibus.
1265 3499 1326 3579 Qui
1344 3495 1440 3563 Vivi-

344 3598 423 3663 darii
438 3619 478 3663 ex
496 3597 625 3661 diversis
639 3595 816 3662 nationibus
830 3597 892 3661 acsi
908 3595 940 3660 in
954 3618 1051 3660 unum
1066 3596 1188 3683 asylum
1207 3597 1330 3664 collecti
1350 3607 1439 3674 snut,

344 3706 375 3762 et
388 3706 513 3784 gentem
528 3695 636 3762 fecisse
650 3704 830 3762 noscuntur.

526 3793 549 3834 e
703 3791 725 3832 a
878 3791 900 3832 a
1053 3792 1075 3833 a
1228 3793 1250 3834 e

285 3983 290 3990 .
387 3898 561 3964 Gothorum
591 3919 663 3982 rege
689 3896 842 3961 Gaberieh
870 3896 961 3962 rebus
990 3897 1160 3962 excedente
1185 3897 1341 3973 humanis,
1364 3909 1439 3984 post

241 3990 247 4006 ’
344 3991 491 4083 te'mporis
522 3997 645 4082 aliquod
680 3995 903 4062 Hermanricus
934 3996 1141 4063 nobilissimus
1172 3997 1369 4086 Amalornm
1404 4000 1439 4064 in

344 4121 439 4184 regno
460 4099 627 4164 suecessit:
652 4096 704 4180 qui
721 4097 837 4161 multas
857 4104 890 4160 et
913 4096 1158 4164 bellicosissimas
1181 4105 1303 4163 arctoas
1327 4109 1441 4184 gentes

345 4199 531 4283 perdomuit,
547 4198 670 4281 suisque
686 4220 792 4282 parere
817 4196 937 4282 legibus
961 4197 1045 4261 feeit.
1097 4199 1197 4280 Quem
1222 4199 1334 4262 merito
1359 4221 1440 4263 non-

344 4297 419 4363 nulli
434 4298 616 4363 Alexandro
632 4296 751 4383 Magno
766 4319 979 4381 comparavere
994 4295 1136 4383 majores.
1181 4296 1333 4364 Habebat
1344 4299 1441 4382 siqui-

346 4398 417 4464 dem
445 4421 521 4483 quos
549 4399 721 4476 domuerat,
751 4395 883 4474 Gothos,
916 4395 1060 4482 Scythas,
1092 4396 1242 4475 Thaidos,
1274 4398 1439 4476 Inaunxis,
