3150 5136
466 467 586 524 noras
608 465 660 524 ou
687 463 846 523 scurror
871 463 956 522 ιιι.
1192 447 1262 522 175

165 613 277 682 “Circa
299 620 360 682 hac
383 619 605 682 litera—lerunt
626 637 686 678 esse
703 618 868 690 dommus,
888 617 965 694 quod
985 637 1062 677 auno
1082 628 1158 678 term
1178 618 1264 694 serni-

163 741 270 780 nomm
291 719 406 792 dicitur,
427 737 498 795 quas
518 735 602 794 aquae
621 721 708 794 gustu
728 713 819 794 aliqui
840 715 942 774 dicunt
961 716 1115 795 concipere.
1137 759 1145 776 .
1167 759 1175 775 .
1198 714 1262 780 Has,

164 815 252 876 simul
261 817 390 874 viventes
403 821 541 893 spernunt
555 813 696 873 consortia
708 813 844 887 virorum,
855 831 926 890 quos
939 811 1034 884 etiam,
1045 812 1069 871 si
1087 812 1261 873 advenerint»

164 933 225 974 ase
237 913 360 972 viriliter
374 910 615 991 repellunt.”-0.
629 911 698 970 228.

209 1009 329 1070 Ferulae
348 1011 521 1068 dominatur.
532 1041 573 1052 -
582 1006 660 1068 rhet
673 1028 690 1068 a
702 1006 803 1066 female
820 1005 923 1066 should
942 1008 1066 1067 exercite
1079 1007 1156 1086 regal
1170 1026 1263 1086 power

166 1127 223 1166 was
242 1107 467 1183 extraordinary,
487 1112 539 1165 not
559 1127 589 1166 so
609 1104 695 1165 much
717 1105 748 1164 in
768 1103 818 1163 the
839 1123 905 1181 eyes
928 1105 960 1164 os
978 1104 1095 1164 Tacitus
1118 1103 1201 1179 (who,
1229 1105 1261 1163 iu

166 1203 217 1264 the
237 1223 299 1264 ease
319 1204 352 1263 of
368 1202 418 1263 the
437 1203 548 1263 British
568 1202 716 1274 Boedioea,
733 1202 896 1260 mentioned
917 1202 956 1279 by
969 1201 1031 1262 him
1053 1203 1084 1262 in
1106 1201 1156 1262 the
1177 1202 1263 1281 Agri·

167 1302 237 1374 cole,
265 1301 371 1378 merely
394 1301 531 1372 remarks,
562 1320 649 1376 neque
676 1301 752 1359 mim
773 1319 866 1358 smum
885 1300 919 1358 in
946 1300 1072 1374 imperiis
1095 1301 1264 1372 decernunt,

168 1397 291 1457 without
304 1417 361 1475 any
374 1399 538 1476 suggestion
556 1398 589 1458 oi
599 1396 648 1456 the
661 1403 762 1457 extent
777 1403 806 1455 to
820 1395 913 1455 which
933 1397 959 1455 it
978 1397 1003 1455 is
1023 1395 1072 1456 the
1090 1416 1217 1456 measure
1234 1397 1266 1456 of

166 1496 307 1556 aserrile
329 1502 438 1574 temper
451 1515 487 1554 on
511 1495 560 1554 the
583 1501 650 1575 part
673 1495 706 1554 os
723 1493 773 1553 the
796 1493 917 1573 aetion),
938 1494 992 1554 but
1012 1494 1044 1553 iu
1065 1493 1145 1552 those
1165 1494 1197 1552 os
1215 1493 1264 1553 the

168 1588 306 1648 Germane
326 1588 390 1648 who
408 1608 479 1648 were
500 1587 548 1648 the
576 1587 638 1646 first
667 1587 836 1646 informante
861 1585 949 1646 about
971 1585 1020 1646 the
1052 1586 1170 1646 Sitones
1226 1585 1264 1646 So

167 1686 247 1763 early
267 1706 323 1745 rrae
344 1686 393 1746 the
413 1685 498 1765 spirit
515 1684 609 1745 which
629 1685 755 1744 dicteted
775 1683 826 1743 the
845 1683 922 1744 Salio
941 1684 996 1744 lerr
1013 1685 1044 1744 in
1065 1684 1150 1744 force.

223 2177 363 2254 XLVI.
390 2177 639 2262 Peucinorum,
658 2177 971 2273 Venedorumque,
992 2189 1030 2252 et
1057 2179 1258 2255 Fennorum

173 2299 335 2370 nationes
369 2296 557 2368 Germanis
590 2319 636 2367 an
676 2295 848 2369 Sarmatis
881 2297 1076 2368 adscribam
1112 2299 1259 2372 dubito:

173 2437 387 2509 quamquam
409 2413 567 2497 Peucini,
595 2435 682 2506 quos
712 2413 856 2506 quidam
888 2413 1094 2485 Bastarnas¹
1124 2425 1261 2501 vocant,

175 2555 347 2616 sermone,
365 2531 475 2615 cultu,
493 2532 586 2616 sede,
602 2554 644 2602 ao
661 2531 858 2615 domiciliis,
875 2539 917 2602 ut
934 2529 1104 2602 Germani
1129 2543 1261 2626 agunt:

174 2649 293 2722 sordes
317 2649 476 2720 omnium
498 2671 540 2720 ac
556 2657 697 2742 torpor:
723 2669 908 2741 procerum
926 2648 1112 2720 connubiis
1129 2651 1262 2734 mixtis,

174 2765 337 2838 nonnihil
361 2765 397 2836 in
416 2763 658 2836 Sarmatarum
680 2763 841 2836 habitum
861 2763 1048 2836 foedantur.
1100 2765 1263 2839 Venedi2

174 2882 329 2955 multum
349 2905 396 2954 ex
421 2881 578 2954 moribus
598 2891 796 2952 traxerunt.
848 2880 946 2954 Nam
968 2883 1140 2975 quidquid
1169 2884 1264 2954 iuter

175 2999 350 3071 Peucinos
380 2997 410 3069 F
411 3001 609 3092 annosque³
636 2998 803 3069 silvarum
831 3021 873 3069 ac
903 3000 1079 3070 montium
1105 3001 1262 3095 erigitur,

176 3115 370 3188 latrociniis
391 3123 583 3210 pererrant.
635 3113 687 3184 Hi
711 3122 832 3185 tamen
854 3115 949 3186 inter
976 3115 1173 3189 Germanos
1202 3141 1265 3212 po-

177 3234 251 3306 tius
284 3233 493 3318 referuntur,
521 3233 604 3325 quia
629 3241 667 3302 et
693 3231 816 3302 domos
842 3231 991 3326 lingunt,
1017 3243 1055 3304 et
1080 3245 1180 3305 scuta
1204 3257 1265 3330 ge·

177 3359 282 3432 stant,
318 3360 355 3421 et
388 3349 520 3443 pedum
559 3372 625 3419 usu
659 3371 700 3420 ac
734 3348 947 3442 pernicitate
972 3351 1153 3444 gaudeut3
1187 3375 1265 3444 quse

178 3468 297 3538 omnia
319 3466 456 3537 diversa
477 3463 649 3536 Sarmatis
674 3475 767 3548 sunt,
784 3465 822 3536 in
844 3465 1001 3560 plaustro
1027 3490 1189 3560 equoque
1214 3469 1267 3538 vl-

178 3582 353 3654 ventibus.
400 3580 531 3653 Fennis
555 3583 645 3652 mira
671 3582 802 3665 feritas,
830 3581 926 3654 foeda
951 3593 1161 3678 paupertas:
1195 3609 1267 3656 non

177 3723 283 3782 arma,
311 3722 383 3770 non
413 3699 505 3792 equi,
536 3720 608 3768 non
632 3709 802 3791 penates:
831 3700 942 3770 victui
969 3699 1089 3784 herba,
1120 3701 1266 3772 vestitui

177 3816 309 3911 pelles:
331 3815 450 3888 cubile
466 3814 615 3887 humus:
637 3813 712 3886 sola
728 3813 765 3884 ln
783 3816 922 3909 sagittis
938 3839 1027 3910 spes,
1046 3841 1133 3910 quas
1148 3817 1268 3912 inopia

178 3933 273 4018 ferri,
302 3933 439 4005 ossibus
472 3941 646 4025 asperent.
699 3929 871 4025 Idemque
904 3945 1053 4006 venatus
1083 3936 1176 4006 viros
1207 3958 1268 4029 pa-

178 4050 266 4121 riter
287 4073 330 4122 ac
347 4051 497 4122 feminas
521 4048 597 4120 alit.
651 4047 786 4119 Passim
813 4049 909 4120 enim
935 4053 1165 4135 comitantur,
1188 4075 1267 4146 par-

179 4175 325 4261 temque
350 4166 473 4259 proedae
490 4173 629 4259 petunt.
683 4163 763 4236 Nec
780 4165 877 4238 aliud
900 4168 1095 4240 infantibus
1117 4168 1270 4241 ferarum

178 4283 418 4374 imbriumque
449 4281 652 4376 suffirgium,
681 4281 788 4375 quam
814 4285 919 4354 utin
946 4284 1065 4380 aliquo
1092 4308 1269 4358 ramorum

179 4423 276 4472 nexu
303 4407 563 4492 contegantur:
591 4397 661 4470 huc
690 4399 842 4471 redeunt
863 4401 1025 4492 juvenes,
1048 4401 1116 4473 hoc
1147 4425 1271 4475 senum
