3088 5080
268 375 349 443 cviii
537 387 614 442 run
636 383 820 440 sennim
842 383 890 439 or
916 383 1084 439 ricinus.

268 550 432 635 inrupere:
458 549 527 632 quis
542 544 773 633 impugnandus
790 567 895 632 agger,
911 553 947 610 ut
963 545 988 611 si
1006 557 1128 610 murum
1151 545 1371 622 succederent,

267 650 416 736 gravibus
441 671 571 734 superne
588 648 703 712 ictibus
717 642 985 712 conflictabantur.
1042 644 1146 710 Sensit
1169 645 1235 710 dux
1264 646 1374 732 impa-

268 773 334 814 rem
357 749 497 814 cominus
522 770 667 833 pugnam,
684 746 871 830 remotisque
897 745 1034 831 paullum
1061 745 1242 831 legionibus,
1257 745 1373 811 fundi-

268 858 353 914 tores
373 849 595 932 libratoresque
610 855 756 912 excutere
772 845 846 922 tela,
862 855 894 912 et
908 847 1091 931 proturbare
1115 847 1238 912 bostem
1249 843 1369 931 jubet:

269 949 370 1014 misser
389 973 405 1014 c
423 949 587 1014 tormentis
612 948 721 1024 hastae,
743 955 920 1031 quantoque
944 946 1101 1030 conspicui
1127 947 1226 1032 magis
1248 969 1373 1031 propu-

268 1059 424 1136 gnatores,
456 1057 544 1114 tanto
578 1047 718 1134 pluribus
742 1045 920 1114 vulneribus
946 1043 1069 1132 dejecti.
1115 1047 1240 1113 Primus
1257 1047 1372 1112 Gaesar

268 1173 339 1214 cum
371 1149 521 1234 praetoriis
553 1148 744 1222 cohortibus,
775 1155 866 1232 capto
897 1145 988 1224 vallo,
1017 1146 1105 1211 dedit
1141 1147 1294 1232 impetum
1332 1149 1369 1212 in

267 1250 379 1316 silvas:
404 1251 527 1314 conlato
548 1249 612 1313 illic
637 1247 737 1334 gradu
763 1255 940 1312 certatum:
965 1247 1087 1312 hostem
1109 1270 1130 1311 a
1151 1255 1239 1332 tergo
1261 1246 1367 1331 palus,

267 1351 425 1415 Romanos
442 1347 557 1415 flumen
581 1357 636 1414 aut
651 1361 772 1412 montes
795 1345 1004 1412 claudebant:
1034 1349 1172 1432 utrisque
1194 1347 1369 1415 necessitas

270 1450 301 1516 in
320 1452 397 1526 loeo,
414 1473 484 1536 spes
500 1450 533 1514 in
551 1450 677 1526 virtute,
694 1449 777 1513 selus
792 1470 832 1510 ex
847 1447 987 1512 victoria.

311 1550 416 1617 XXI.
443 1550 510 1616 Nec
537 1551 638 1614 minor
668 1547 834 1613 Germanis
856 1549 988 1625 animus,
1022 1549 1078 1614 sed
1103 1571 1216 1633 genere
1247 1571 1366 1634 pugnae

266 1659 298 1716 et
316 1674 473 1716 armorum
489 1649 736 1734 superabantnr;
761 1670 831 1712 cum
848 1645 957 1733 ingens
969 1648 1148 1728 multitudo,
1164 1649 1259 1714 arctis
1273 1648 1365 1727 locis,

266 1753 439 1837 praelongas
472 1751 578 1814 hastas
616 1770 678 1812 non
719 1747 930 1834 protenderet,
961 1771 1023 1812 non
1054 1749 1222 1834 colligeret,
1259 1772 1366 1834 neque

265 1851 440 1916 adsultibus
457 1859 489 1914 et
515 1848 679 1914 velocitate
703 1870 865 1933 corporum
889 1855 1038 1926 uteretur,
1054 1858 1163 1914 coacta
1183 1850 1294 1914 stabile
1317 1851 1365 1914 ad

267 1951 427 2036 proelium:
452 1960 561 2014 contre
586 1948 683 2026 miles,
702 1949 752 2012 cui
773 1955 895 2013 sontum
914 1950 1030 2034 pectori
1053 1949 1244 2034 adpressum,
1260 1960 1292 2015 et
1313 1950 1364 2014 in-

268 2050 372 2116 sidens
382 2049 492 2135 capulo
501 2071 621 2126 manus,
638 2048 717 2114 latos
730 2048 929 2113 barbarorum
947 2058 1043 2126 artus,
1056 2049 1141 2115 nuda
1155 2072 1210 2114 ora
1227 2049 1363 2128 foderet,

268 2152 411 2235 viamque
434 2158 537 2234 strage
560 2149 696 2214 hostiurn
724 2150 878 2233 aperiret:
903 2149 1092 2235 imprompto
1109 2148 1179 2236 jam
1202 2151 1363 2228 Arminio,

267 2252 308 2316 ob
323 2252 470 2316 continua
496 2250 640 2335 pericula,
658 2249 722 2315 sive
742 2249 830 2312 illum
856 2271 963 2316 recens
984 2259 1146 2336 acceptum
1162 2251 1273 2316 vulnus
1294 2259 1364 2317 tar·

267 2351 407 2417 develet.
452 2351 534 2435 Quiu
550 2359 581 2414 et
601 2348 834 2436 Inguiomerum
848 2357 916 2414 tote
930 2351 1114 2416 volitantem
1137 2350 1215 2427 acie,
1233 2352 1365 2418 fortuna

268 2453 367 2539 magis
394 2475 488 2537 quam
517 2451 617 2516 virtus
646 2450 830 2516 deserebat:
845 2459 895 2514 ·et
924 2449 1138 2525 Germanicus,
1170 2474 1231 2534 qno
1257 2453 1363 2538 magis

268 2554 517 2640 adgnosceretur,
551 2550 731 2616 detraxerat
765 2549 902 2636 tegimen
938 2551 1043 2636 capiti,
1071 2551 1241 2635 orabatque
1277 2559 1297 2588 ‘⁴
1311 2551 1363 2617 in·

266 2653 411 2720 sisterent
445 2652 591 2726 cedibus,
624 2651 669 2715 nil
698 2673 776 2736 opus
812 2651 952 2735 captiuis,
987 2652 1085 2716 solem
1116 2652 1361 2718 internecionem

265 2755 370 2839 gentis
391 2751 485 2818 linem
499 2751 580 2817 bello
603 2750 699 2814 iore.”
743 2749 881 2834 Jamque
898 2773 965 2816 sero
988 2751 1048 2816 diei
1067 2751 1214 2817 subducit
1231 2773 1272 2816 ex
1290 2755 1362 2819 ecie

265 2854 429 2938 legionem,
456 2848 606 2916 faciendis
634 2850 765 2915 cestris:
795 2859 905 2915 cetere
930 2850 971 2916 ad
1000 2861 1125 2917 noctem
1151 2874 1260 2916 cruore
1286 2853 1361 2919 hos-

266 2953 346 3017 tium
360 2952 481 3018 satiate
496 2957 587 3016 sunt:
612 2949 731 3034 equites
747 2949 891 3036 ambigue
905 2961 1074 3017 certavere.

310 3049 435 3116 XXII.
474 3049 627 3116 Laudatis
663 3072 719 3135 pro
753 3050 900 3116 concione
928 3051 1107 3129 victoribus,
1141 3052 1245 3118 Oaesar
1283 3075 1360 3117 con·

265 3152 382 3239 geriem
412 3173 570 3218 armorum
601 3150 729 3228 struxit,
762 3151 895 3236 superbo
929 3175 999 3216 cum
1032 3152 1143 3218 titulo:
1174 3176 1361 3219 nnencnrrrs

267 3277 359 3318 uerna
380 3275 514 3318 nnnnurr
531 3273 688 3321 rmrueun
702 3273 887 3316 usrronrsns
909 3275 1085 3316 nxnncrruu
1100 3277 1212 3318 mentm
1229 3277 1362 3321 cuserius

266 3377 305 3417 nr
332 3376 520 3418 anemurum
548 3375 646 3416 ulam
673 3374 711 3414 nn
730 3372 798 3415 som
820 3375 857 3415 nn
879 3375 1016 3417 nuousro
1038 3377 1235 3418 secrevisse:
1261 3354 1300 3418 de
1322 3378 1359 3420 se

265 3453 342 3520 nihil
363 3453 496 3532 addidit,
514 3459 602 3517 metu
623 3450 757 3530 invidie,
772 3474 813 3516 en
834 3460 922 3517 ratus
937 3452 1156 3518 conscientiam
1172 3455 1264 3521 fectis
1281 3455 1361 3520 satis

266 3577 342 3620 esse.
400 3554 482 3618 Mox
510 3553 626 3618 bellum
658 3552 689 3616 in
722 3552 927 3637 Angrivarios
966 3552 1116 3618 Stertinio
1153 3556 1293 3632 mandat,
1323 3556 1359 3620 ni

266 3655 456 3720 deditionem
491 3652 756 3740 properavissent:
805 3661 899 3736 atque
928 3652 974 3716 illi
1005 3653 1168 3740 supplices,
1195 3656 1272 3720 nihil
1302 3656 1357 3720 ab·

264 3754 398 3831 nuendo,
414 3753 539 3820 veniam
555 3753 693 3818 omnium
707 3775 864 3838 accepere.

315 3854 461 3920 XXIII.
486 3851 549 3919 Sed
579 3861 688 3918 estete
716 3850 786 3938 jam
817 3851 937 3930 adulte,
963 3853 1120 3940 legionum
1150 3855 1219 3920 aliae
1246 3855 1358 3921 itinere

264 3954 403 4020 terrestri
428 3954 461 4020 in
488 3953 688 4020 hibemacule
709 3952 863 4017 remisse:
892 3953 994 4039 plures
1018 3952 1122 4020 Oaesar
1146 3955 1235 4021 classi
1257 3957 1359 4042 impo-

265 4057 342 4124 sitas
364 4077 418 4141 per
441 4052 557 4120 fiumen
580 4052 735 4117 Amisiam
759 4051 883 4117 Oceano
906 4053 1038 4120 invexit.
1090 4055 1140 4118 Ac
1163 4057 1263 4140 primo
1288 4056 1360 4141 pln-

263 4157 367 4222 cidum
389 4177 495 4240 aequor
509 4153 593 4218 mille
615 4153 742 4217 narium
764 4153 857 4218 remis
878 4161 1025 4239 strepere,
1041 4162 1096 4219 eut
1119 4155 1195 4220 velis
1216 4155 1357 4241 impelli:

262 4279 339 4322 mox
357 4263 425 4320 atro
447 4254 576 4320 nubium
595 4253 687 4339 globo
703 4251 800 4318 effuse
822 4252 964 4339 grando:
987 4254 1079 4320 simul
1103 4255 1197 4320 variis
1219 4256 1358 4341 undique

262 4357 411 4443 procellis,
435 4355 545 4422 incerti
563 4351 676 4420 fluctus
699 4363 898 4440 prospectum
918 4354 1065 4432 adimere,
1092 4355 1231 4441 regimen
1259 4357 1357 4442 impe·
