3088 5080
288 402 359 472 xcii
567 413 644 469 rna
666 413 847 470 sarusar
870 413 918 470 or
943 414 1109 472 aternus.

287 577 409 664 paterni
431 575 568 662 avitique
597 577 732 663 exempli
764 599 921 644 successor
949 600 981 644 se
1010 578 1077 662 ipse
1106 575 1272 643 transfixit.
1338 579 1393 643 At

286 703 303 742 e
329 678 486 764 praefectis
513 687 685 743 castrorum
713 678 844 760 duobus,
872 701 965 764 qnam
993 679 1111 743 clarum
1138 678 1316 764 exemplum
1347 679 1391 744 L.

288 778 418 864 Eggius,
447 786 514 844 tam
541 787 632 864 turpe
661 779 729 862 (C.)
755 777 899 844 Ceionius
925 779 1081 864 prodidit:
1105 777 1167 862 qui,
1194 801 1266 843 cnm
1290 779 1389 866 longe

286 879 457 944 maximam
481 887 603 964 partem
626 879 826 944 absumsisset
853 879 944 958 acies,
970 889 1080 944 auctor
1107 878 1282 960 deditionis,
1310 902 1389 965 snp-

286 979 378 1065 plieio
418 1001 511 1064 quam
550 978 657 1066 proelio
693 979 773 1044 mori
808 979 930 1044 maluit.
993 980 1041 1044 At
1080 978 1164 1044 Vala
1196 979 1386 1058 Numonius,

285 1081 407 1166 legatus
431 1079 520 1159 Vari,
546 1087 651 1145 cetera
675 1079 798 1164 quietus
819 1102 856 1144 ac
878 1079 1002 1165 probus,
1025 1079 1085 1144 diri
1106 1089 1216 1144 auctor
1233 1081 1384 1166 exempli,

285 1180 452 1266 spoliatum
469 1180 573 1265 equite
590 1179 728 1266 peditem
748 1179 930 1264 relinquens,
955 1179 1031 1266 fuga
1056 1201 1127 1245 cunr
1149 1179 1208 1246 alis
1231 1180 1381 1245 Rhenum

284 1289 389 1366 petere
416 1280 572 1366 ingressus
596 1287 654 1346 est.
706 1280 799 1364 Quod
827 1280 946 1346 factum
972 1277 1039 1366 ejus
1062 1281 1189 1345 fortuna
1215 1281 1282 1346 ulta
1308 1288 1380 1346 est:

284 1403 346 1445 non
379 1381 463 1446 enim
503 1381 633 1448 desertis
662 1380 825 1466 superfuit,
856 1380 912 1446 sed
941 1381 1081 1446 desertor
1113 1380 1240 1448 occidit.
1298 1380 1382 1447 Vari

283 1503 396 1567 corpus
425 1481 609 1547 semiustum
640 1481 760 1546 hostilis
789 1481 980 1546 laceraverat
1013 1481 1144 1556 feritas3
1185 1489 1281 1568 caput
1309 1480 1380 1568 ejus

282 1582 464 1658 abscissum,
486 1581 646 1666 latumque
666 1580 709 1645 ad
730 1581 971 1659 Maroboduum,
993 1589 1026 1646 et
1052 1582 1093 1646 ab
1119 1604 1155 1646 eo
1179 1581 1308 1648 missum
1333 1583 1380 1648 ad

283 1682 446 1762 Caesarem,
461 1682 608 1767 gentilitii
623 1681 752 1748 tandem
769 1681 881 1746 tumuli
898 1682 1057 1767 sepultura
1071 1684 1257 1747 honoratum
1272 1691 1332 1750 est.

327 1783 441 1848 CXX.
465 1782 528 1848 His
552 1782 670 1848 auditis
695 1781 815 1847 revolat
838 1781 880 1847 ad
907 1790 1029 1868 patrem
1056 1782 1180 1858 Caesam
1208 1789 1381 1868 perpetuus

282 1892 433 1969 patronus
461 1882 596 1948 Romani
628 1882 759 1967 imperii,
786 1889 943 1948 assuetam
978 1882 1037 1948 sihi
1071 1905 1197 1948 oausam
1235 1883 1380 1970 suscipit.

230 2016 234 2040 ι
283 1983 428 2050 Mittitur
441 1984 483 2049 ad
501 1982 715 2060 Germaniam,
731 1981 849 2048 Callias
866 1980 1037 2060 confirmat,
1054 1977 1191 2069 disponit
1208 1985 1378 2062 exercitus,

282 2084 428 2170 praesidia
455 2083 579 2158 mnnit3
615 2105 649 2148 se
675 2083 891 2168 magnitudine
918 2105 983 2160 sua,
1010 2106 1072 2147 non
1104 2081 1218 2148 fiducia
1249 2083 1378 2171 (ducis)

281 2184 423 2262 metiens,
442 2185 494 2269 qui
511 2181 698 2250 Cimbricam
716 2183 980 2268 Teutonicamque
999 2183 1143 2248 militiam
1161 2183 1262 2248 Italiae
1276 2185 1379 2250 mina·

281 2284 385 2362 batur,
416 2285 499 2349 ultro
525 2284 671 2349 Rhenum
699 2306 771 2348 cum
800 2284 939 2348 exercitu
970 2284 1206 2370 transgreditur.
1273 2284 1380 2350 Arma

278 2384 373 2449 infert
398 2386 495 2471 genti,
522 2407 617 2469 quam
641 2385 776 2450 arcuisse
803 2393 892 2470 pater
914 2391 947 2449 et
968 2385 1071 2469 patria
1095 2385 1233 2449 contenti
1262 2394 1374 2461 erant;

281 2493 426 2570 penetrat
454 2485 595 2563 interius,
622 2485 722 2571 aperit
750 2485 875 2562 limites,
903 2491 1007 2550 vastat
1032 2507 1133 2570 agros,
1163 2485 1226 2549 urit
1254 2484 1376 2566 domos,

280 2586 384 2652 fundit
412 2586 541 2661 obvios;
579 2585 778 2669 maximaque
804 2608 876 2650 curn
905 2585 1012 2670 gloria,
1045 2585 1192 2649 incolumi
1224 2587 1375 2667 omniurn,

280 2710 358 2771 quos
382 2687 615 2763 transduxerat,
649 2707 789 2761 numero,
824 2685 856 2749 in
887 2685 1017 2750 hiberna
1049 2685 1226 2750 revertitur.
1289 2686 1377 2751 Red-

280 2788 374 2852 datur
404 2809 512 2852 verum
543 2785 581 2850 L.
612 2783 781 2870 Asprenati
815 2785 1050 2860 testimonium
1082 2785 1135 2869 qui
1164 2785 1285 2872 legatus
1314 2788 1375 2852 sub

279 2887 434 2952 avunculo
464 2908 519 2951 suo
549 2883 638 2950 Varo
664 2883 811 2962 militane,
839 2908 921 2950 nava
947 2885 1088 2970 virilique
1117 2908 1212 2971 opera
1241 2886 1376 2952 duarum

279 2987 446 3072 legionum,
471 2987 582 3069 quibus
609 2992 751 3071 praeerat,
780 2986 954 3050 exercitum
981 2986 1152 3050 immunem
1175 2995 1266 3052 tanta
1293 2987 1376 3053 cala-

278 3087 391 3152 mileto
403 3087 557 3162 servavit3
582 3093 763 3170 matureque
777 3086 819 3151 ad
834 3087 979 3151 inferiora
997 3086 1126 3152 hiberna
1146 3086 1376 3166 descendendo,

230 3231 236 3246 .
280 3186 462 3252 vacillantes
483 3186 553 3272 jam
581 3186 625 3252 cis
649 3186 796 3251 Rhenum
826 3186 957 3252 sitarum
983 3186 1122 3272 gentium
1153 3187 1272 3252 animos
1302 3211 1378 3254 con-

280 3285 427 3352 firmavit.
479 3285 560 3351 Sunt
585 3295 702 3364 tamen,
729 3286 791 3370 qui,
818 3292 855 3350 nt
878 3284 966 3351 vivos
990 3287 1031 3350 ab
1056 3309 1093 3351 eo
1118 3286 1302 3366 vindicatos,
1326 3289 1376 3356 ita

273 3384 490 3473 jugulatorum
507 3386 564 3454 sub
581 3386 668 3451 Varo
685 3392 837 3470 occupata
851 3385 1039 3452 crediderint
1062 3387 1259 3472 patrimonia,
1283 3389 1374 3453 here-

280 3487 472 3573 ditatemque
496 3487 592 3552 excisi
616 3486 779 3565 exercitus,
799 3486 830 3550 in
862 3494 1013 3571 quantum
1026 3487 1167 3565 voluerit,
1184 3488 1224 3552 ab
1248 3511 1284 3552 co
1305 3489 1373 3553 adi-

279 3597 356 3657 tam.
402 3587 491 3653 Lucii
510 3587 606 3652 etiam
624 3585 761 3664 Caedicii,
780 3587 917 3672 preelecti
938 3595 1119 3666 castrorum,
1137 3611 1304 3674 eorumque
1318 3591 1388 3674 qui·

277 3711 341 3754 nna
357 3688 541 3754 circumdati
559 3688 689 3753 Alisone
711 3685 868 3753 immensis
890 3686 1117 3752 Germanorum
1137 3689 1233 3774 copiis
1249 3690 1373 3755 obside-

277 3789 401 3867 bantur,
433 3788 592 3855 laudanda
618 3788 720 3853 virtus
748 3796 818 3862 est;
862 3787 924 3873 qui,
959 3787 1102 3854 omnibus
1135 3787 1371 3856 difficultatibus

277 3889 441 3976 superatis,
458 3913 535 3976 quas
548 3888 652 3974 iuopia
666 3911 770 3952 rerum
784 3888 1002 3970 intolerabiles,
1020 3889 1067 3953 vis
1081 3889 1218 3954 hostium
1235 3889 1371 3955 iaciebat

278 3989 550 4076 inexsuperabiles,
566 4011 624 4054 nec
645 3989 810 4054 temerario
831 3989 967 4066 oonsilio,
986 4011 1043 4053 nec
1062 3989 1149 4074 segni
1173 3989 1372 4075 providentia

276 4091 335 4165 nsi,
356 4090 567 4176 speculatiqne
588 4083 864 4175 opportunitatem,
888 4090 969 4154 ferro
988 4087 1046 4154 sibi
1068 4089 1110 4154 ad
1132 4112 1204 4156 suos
1223 4113 1370 4176 peperere

276 4190 422 4256 reditum.
481 4190 534 4254 Ex
555 4213 617 4274 quo
641 4200 771 4275 apparet
798 4188 929 4268 Varum,
953 4211 1027 4254 eane
1057 4213 1185 4275 gravem
1217 4198 1250 4256 et
1278 4191 1370 4257 bonae

275 4291 446 4356 voluntatis
465 4290 578 4366 virum,
599 4290 698 4375 magis
719 4290 914 4377 imperatoris
939 4290 1095 4355 defectum
1117 4291 1253 4371 coneilio,
1275 4314 1370 4375 quam

273 4392 390 4458 virtute
412 4391 598 4458 destitutum
618 4391 764 4470 militum,
787 4415 820 4458 se
843 4376 1240 4478 magnificentiseimnmque
1266 4391 1369 4478 perdi·
