3158 5122
320 445 407 512 xvlll
600 457 677 512 Tne
699 455 881 512 esuum
907 454 955 512 OF
979 455 1147 512 merrus.

323 619 496 706 Hystaspis
505 615 596 694 lilius,
608 615 727 704 Antyri
742 617 824 702 regis
835 615 1011 680 Gothorum
1027 613 1122 680 liliam
1136 617 1168 680 iu
1183 615 1428 680 matrimonium

322 743 362 784 ex
434 719 543 794 ulavit,
558 739 671 802 rogans
694 717 809 802 pariter
827 725 921 800 atqoe
944 717 1112 794 deterrens,
1135 717 1194 782 uisi
1218 739 1308 782 suam
1331 739 1428 801 pera·

322 827 433 906 gerent
447 819 651 883 voluntatem.
697 815 794 902 Gujus
814 816 999 882 affinitatem
1016 817 1113 880 Gothi
1127 827 1318 903 spernentes,
1336 818 1426 902 lega·

323 921 441 985 tionem
463 915 531 1005 ejus
551 919 750 982 frustrarunt.
795 916 857 998 Qui
880 917 1031 1002 repulsus,
1044 917 1148 982 furore
1164 915 1348 982 flammatus
1362 927 1425 991 est,

325 1027 358 1086 et
369 1020 530 1106 octoginta
543 1018 642 1083 millia
653 1024 844 1082 armatorum
857 1026 965 1082 contra
978 1019 1060 1103 ipsos
1073 1017 1220 1104 produxit
1231 1019 1425 1095 nescitum,

325 1119 543 1186 verecundiam
565 1141 654 1184 snam
676 1118 759 1182 malo
780 1117 904 1202 publico
919 1118 1075 1182 dedicare
1091 1117 1304 1204 contendeup3
1329 1118 1426 1182 nasi·

325 1221 443 1305 busque
468 1241 547 1306 pene
572 1242 592 1284 a
616 1217 826 1285 Chalcedonis
850 1241 947 1303 usqne
971 1219 1014 1283 ad
1038 1217 1238 1304 Byzantium,
1253 1218 1296 1282 ad
1317 1219 1427 1283 instar

325 1321 469 1407 pontium
483 1319 633 1385 tabulatis
647 1327 741 1402 atque
755 1318 914 1395 consertis,
930 1319 1010 1404 petit
1023 1318 1189 1382 Thraciam
1202 1327 1234 1382 et
1248 1318 1399 1383 Masiam
1413 1346 1424 1394 ς

325 1429 482 1508 ponteque
510 1441 618 1484 rursus
642 1418 674 1482 in
701 1417 846 1482 Danubio
870 1419 937 1504 pari
966 1417 1059 1483 modo
1084 1427 1261 1484 constructo
1297 1419 1427 1484 duobus

325 1521 485 1587 mensibus
501 1519 616 1584 crebris
638 1517 790 1603 fatigatus
802 1519 950 1604 intaphis,
966 1528 1038 1584 octo
1051 1519 1149 1583 millia
1162 1518 1301 1604 perdidit
1317 1541 1426 1583 arma-

327 1631 444 1686 torum.
489 1619 675 1702 Timensque
696 1641 736 1683 ue
758 1640 836 1704 pons
857 1618 995 1684 Danubii
1015 1619 1057 1684 ab
1078 1619 1146 1704 ejus
1166 1619 1355 1684 adversariis
1371 1641 1428 1684 oc-

327 1731 505 1807 cuparetur,
530 1719 621 1782 celeri
648 1719 723 1803 suga
748 1719 781 1782 in
809 1717 974 1784 Thraciam
997 1719 1179 1806 repedavit:
1210 1741 1267 1783 neo
1298 1720 1427 1786 Mmsim

327 1821 428 1886 solum
451 1819 580 1884 credens
604 1818 663 1884 sibi
688 1826 794 1882 tutum
817 1818 882 1884 lore
902 1820 1097 1903 aliquantum
1110 1819 1297 1885 remorandi.
1342 1821 1427 1886 Post

328 1918 416 2006 cujus
445 1919 605 1984 decessum
636 1919 749 1983 iterum
776 1917 905 1986 Xerxes
928 1919 1009 1985 lilius
1031 1917 1099 2005 ejus
1121 1929 1267 2005 paternas
1291 1918 1428 2006 injurias

327 2020 434 2085 ulcisci
449 2042 481 2085 sc
498 2019 667 2094 estimans,
685 2041 756 2084 cum
783 2017 847 2084 suis
874 2019 1028 2096 ducentis,
1054 2029 1087 2084 et
1112 2021 1336 2085 auxiliatorum
1360 2031 1428 2086 tre-

327 2121 427 2186 centis
438 2118 575 2185 millibus
589 2128 794 2197 armatorum,
808 2127 958 2186 rostratas
973 2143 1068 2185 nares
1079 2121 1196 2186 habens
1205 2119 1291 2184 mille
1303 2123 1428 2207 septin-

327 2229 448 2308 gentas,
466 2228 498 2286 et
513 2220 668 2286 onerarias
682 2221 744 2284 tris
758 2219 863 2297 millia,
879 2243 971 2306 super
986 2219 1107 2286 Gothos
1121 2222 1277 2306 profectus
1291 2221 1334 2286 ad
1358 2223 1426 2287 hel·

328 2322 413 2396 lum;
454 2343 511 2386 nec
547 2327 671 2385 tentata
704 2343 738 2384 re
770 2319 803 2384 iu
836 2318 981 2385 conflictu
1015 2321 1186 2407 prevaluit,
1221 2321 1427 2388 animositate

328 2421 510 2488 constantim
524 2428 698 2506 superatus.
744 2419 797 2484 Sic
810 2443 944 2504 namque
967 2431 1003 2486 ut
1018 2431 1154 2503 venerat,
1176 2420 1293 2505 absque
1315 2423 1426 2507 aliqua

328 2522 498 2588 certamine
520 2543 669 2586 succum
690 2519 801 2585 rubore
825 2521 962 2586 recessit.
1008 2521 1173 2608 Philippus
1186 2544 1308 2606 quoqne
1332 2532 1429 2607 pater

328 2621 505 2688 Alexandri
530 2621 642 2707 Magni
660 2642 732 2686 cum
754 2620 867 2686 Gothis
880 2621 1042 2710 ⁸amicitias
1064 2622 1221 2708 copulans,
1250 2622 1427 2708 Medopam

329 2723 465 2789 Gothilae
480 2720 575 2787 liliam
590 2721 672 2807 regis
684 2721 803 2806 accepit
815 2743 954 2801 uxorem,
965 2731 1002 2788 ut
1015 2711 1072 2786 tali
1084 2721 1236 2788 affinitate
1249 2723 1427 2800 roboratus,

331 2823 542 2888 Macedonum
556 2844 651 2907 regna
666 2819 812 2886 firmaret.
858 2823 929 2904 Qua
947 2830 1143 2908 tempestate,
1159 2822 1261 2888 Dione
1274 2823 1429 2888 historico

329 2925 462 3001 dicente,
480 2923 645 3008 Philippus
658 2921 795 3006 inopiam
817 2923 954 3008 pecnnia
978 2944 1095 3008 passus,
1113 2922 1316 2988 Udisitanam
1340 2923 1429 2989 Moe-

329 3025 382 3090 siae
407 3023 569 3089 civitatem
593 3021 753 3088 instructis
777 3023 873 3107 copiis
900 3032 1024 3089 vastare
1053 3023 1214 3101 deliberat,
1243 3045 1313 3109 qoae
1348 3033 1428 3089 tunc

329 3132 457 3210 propter
482 3123 628 3188 viciniam
654 3122 797 3201 Tamiris,
823 3121 937 3190 Gothis
962 3133 1029 3188 erat
1056 3121 1206 3210 subjecta.
1269 3123 1366 3188 Unde
1392 3137 1430 3190 et

330 3223 507 3290 secerdotes
534 3223 710 3288 Gothorum
737 3223 842 3307 aliqui,
868 3223 914 3288 illi
939 3225 991 3308 qui
1016 3223 1067 3288 Pii
1090 3225 1294 3298 vocabantur,
1319 3225 1428 3289 subito

331 3323 495 3408 patefactis
509 3325 607 3408 portis
621 3345 692 3388 cum
707 3322 834 3388 citharis
849 3331 881 3388 et
896 3325 1033 3390 vestibus
1049 3324 1190 3390 candidis
1205 3325 1329 3390 obviam
1350 3335 1429 3390 suut

332 3423 445 3508 egressi
471 3424 608 3508 paternis
631 3422 700 3500 diis,
724 3431 760 3487 ut
785 3423 844 3488 sibi
869 3424 995 3511 propitii
1018 3425 1207 3490 Macedones
1230 3424 1429 3510 repellerent,

334 3546 407 3589 vocs
431 3522 562 3608 supplici
587 3522 792 3592 modulantes.
847 3523 932 3605 Quos
957 3525 1146 3590 Macedones
1171 3525 1215 3590 sic
1241 3521 1433 3591 fiducialiter

333 3625 391 3689 sibi
415 3645 574 3688 occurrere
599 3630 790 3702 contuentes,
813 3633 1015 3709 stupescunt;
1040 3635 1072 3690 et
1096 3627 1122 3692 si
1145 3625 1206 3690 dici
1232 3626 1279 3690 fae
1303 3635 1362 3702 cst,
1384 3627 1430 3691 ah

334 3723 501 3789 inermibus
523 3731 669 3787 tenentur
689 3724 812 3790 armati.
865 3724 932 3790 Nec
949 3749 1046 3801 mora,
1064 3725 1130 3790 acie
1145 3725 1257 3801 soluta,
1273 3747 1367 3808 quam
1386 3727 1432 3791 ad

335 3824 449 3889 bellum
466 3831 718 3898 construxerunt,
734 3847 795 3890 uon
812 3833 935 3890 tantum
949 3826 989 3890 ab
1004 3826 1090 3891 urbis
1104 3825 1225 3890 excidio
1245 3847 1427 3900 removere:

337 3947 441 3989 vemm
464 3923 559 3989 etiam
584 3932 616 3988 et
639 3947 715 4008 quos
736 3925 810 3990 foris
830 3925 956 3990 fuerunt
975 3923 1048 4010 jure
1063 3925 1136 3991 belli
1152 3926 1268 4011 adepti,
1284 3925 1432 3990 reddide-

287 4019 294 4034 '
336 4033 420 4100 runt,
436 4023 607 4109 l'oedereque
623 4025 701 4089 inito
715 4025 757 4090 ad
771 4047 828 4090 sua
841 4027 955 4091 reversi
970 4034 1053 4092 sunt.
1105 4027 1205 4109 Quem
1228 4027 1333 4090 dolum
1347 4037 1432 4111 post
1497 4019 1504 4030 ’

336 4125 464 4210 longum
490 4133 614 4210 tempus
636 4124 834 4190 reminiscens
860 4126 1001 4212 egregins
1030 4125 1205 4191 Gothorum
1236 4125 1346 4190 ductor
1379 4127 1432 4190 Si-

337 4225 448 4302 talcns,
465 4247 511 4288 cr..
528 4225 664 4290 virorum
681 4225 817 4290 millibus
834 4227 1037 4312 congregatis,
1054 4225 1299 4292 Atheniensibus
1320 4226 1433 4291 intulit

336 4325 462 4401 bellum,
486 4324 633 4391 adversus
656 4325 838 4390 Perdiccam
863 4327 1058 4392 Macedonia
1079 4349 1194 4413 regem,
1218 4347 1310 4411 quem
1328 4326 1433 4391 Alex·

337 4425 435 4490 ander
458 4425 542 4510 apud
571 4425 778 4510 Babyloniam
808 4425 940 4491 ministri
970 4427 1088 4492 insidiis
1113 4435 1226 4513 potans
1255 4425 1432 4506 interitum,
1568 4495 1569 4498 ,
