3088 5080
293 315 364 384 cxii
565 327 641 383 run
666 326 849 382 oennnnr
874 325 923 382 or
947 325 1116 384 rrorrus.

289 497 378 565 tate;
404 497 437 554 et
460 497 581 568 contra,
598 487 750 574 augenda
772 487 978 552 dominationi
995 497 1179 556 certaretur.
1225 491 1298 557 Non
1314 493 1397 560 alins

288 587 406 676 majore
430 588 512 654 mole
535 611 729 666 coneursum,
752 611 851 673 neque
868 588 1016 674 ambiguo
1041 591 1143 676 magis
1166 601 1294 669 eventu,
1313 595 1395 661 fusis

288 691 445 774 utrimque
474 689 595 756 dextris
627 688 782 754 cornibus.
835 688 1089 774 sperabaturque
1121 714 1245 758 rursum
1273 717 1393 780 pugna,

289 789 320 855 ni
354 788 570 856 Maroboduus
598 795 703 854 castra
734 787 767 852 in
798 789 891 854 colles
921 789 1131 856 subduxisset.
1196 791 1235 856 Id
1265 793 1392 880 signem

287 889 420 976 perculsi
445 889 524 955 luit:
552 898 583 956 et
600 888 770 974 transfugis
783 888 947 974 paullatim
969 890 1116 970 nodatus,
1133 890 1164 956 in
1185 893 1391 959 Marcoman-

287 1012 344 1055 nos
364 991 526 1068 concessit,
543 989 688 1073 misitque
713 990 833 1075 legatos
846 987 888 1053 ad
910 989 1070 1056 Tiberium
1093 999 1236 1058 oraturos
1256 995 1387 1060 auxilia

288 1089 487 1176 Responsum
511 1099 568 1168 est,
594 1096 614 1126 “
629 1111 691 1154 non
715 1086 788 1175 jure
818 1112 889 1153 eum
920 1088 1070 1156 adversus
1098 1091 1271 1160 Cheruscos
1300 1118 1391 1160 arma

287 1189 430 1256 Romarm
453 1191 607 1268 invocare,
636 1189 689 1274 qui
723 1197 899 1276 pugnantes
930 1190 962 1256 in
990 1190 1135 1257 eumdem
1165 1194 1290 1259 hostem
1320 1195 1388 1260 Ro-

286 1312 395 1356 manos
417 1291 503 1356 nulla
525 1313 583 1377 ope
603 1288 770 1377 juvisset.”
818 1291 936 1358 Missus
960 1298 1067 1356 tamen
1082 1292 1214 1371 Drusus,
1241 1301 1278 1359 ut
1300 1303 1387 1360 retu·

286 1390 387 1469 limus,
404 1391 489 1476 pacis
504 1389 654 1456 firmator.

701 1595 800 1636 TACIT.
823 1596 900 1636 ANN.
925 1596 960 1640 11.

335 1686 581 1754 LXXXVIII.
604 1689 738 1775 Reperio
765 1689 851 1774 apud
877 1690 1042 1775 scriptores
1074 1701 1294 1780 senatoresque
1330 1719 1385 1761 eo·

284 1791 426 1857 rumdem
451 1797 638 1874 temporum,
656 1788 890 1876 Adgandestrii,
914 1791 1060 1875 principis
1082 1792 1258 1870 cattorum,
1283 1796 1385 1862 lectas

283 1893 316 1958 in
332 1899 442 1958 senatu
459 1889 574 1969 literas,
593 1889 705 1974 quibus
723 1895 743 1930 “
756 1898 890 1955 mortem
902 1890 1038 1957 Arminii
1049 1891 1070 1919 ”
1085 1894 1301 1979 promittebat,
1319 1898 1385 1962 “si

282 1991 446 2079 patranda
483 1989 551 2052 neci
586 2007 741 2055 vencnum
776 1990 956 2056 mitteretur
968 1992 998 2058 :''
1035 2015 1275 2079 responsumque
1299 2019 1383 2072 esse,

284 2101 304 2128 “
319 2114 381 2156 non
398 2087 635 2175 scandensque
659 2089 798 2169 occultis,
816 2091 871 2156 sed
889 2090 992 2176 palam
1007 2100 1039 2158 et
1054 2101 1209 2159 muratum
1227 2097 1382 2181 populum

282 2193 461 2258 Romanum
487 2188 592 2255 hostes
619 2212 691 2256 suos
718 2189 825 2256 ulcisci
838 2190 868 2254 :³⁸
893 2214 955 2276 qua
978 2191 1079 2278 gloria
1103 2195 1248 2279 aequabat
1273 2219 1306 2261 se
1325 2197 1384 2263 Ti-

281 2293 386 2358 berius
402 2289 510 2377 priscis
529 2289 777 2375 imperatoribus,
794 2292 847 2375 qni
869 2293 1068 2358 venenumin
1087 2293 1246 2380 Pyrrhum
1269 2319 1381 2382 regem

282 2399 454 2469 vetuerant,
485 2390 757 2476 prodiderantque.
809 2391 956 2458 Ceterum
982 2391 1156 2472 Arminius,
1181 2396 1381 2462 abscedenti-

280 2495 339 2562 bus
362 2491 521 2568 Romauis,
540 2499 572 2556 et
597 2491 686 2577 pulso
711 2489 917 2571 Maroboduo,
935 2515 1065 2580 regnum
1085 2495 1257 2569 adfectans,
1282 2497 1382 2564 liber·
1508 2523 1509 2526 ¹

280 2603 379 2660 tatem
402 2590 597 2679 popularium
618 2591 782 2656 adversam
806 2591 936 2658 habuit:
966 2593 1144 2679 petitusque
1168 2597 1273 2670 armis,
1303 2620 1381 2664 cum

280 2697 367 2762 varia
390 2693 516 2758 fortuna
540 2697 684 2768 certaret,
711 2691 782 2756 dolo
805 2693 1047 2779 propinquorum
1067 2696 1198 2762 cecidit:
1225 2696 1382 2764 liberator

279 2792 476 2860 hauddubie
498 2789 685 2866 Germanias,
703 2799 735 2856 et
754 2792 807 2875 qui
825 2815 887 2856 non
912 2793 1081 2879 primordia
1102 2796 1207 2881 populi
1228 2796 1379 2878 Romani,

279 2895 360 2960 sicut
384 2892 437 2958 elii
463 2913 551 2976 reges
570 2889 736 2975 ducesque,
753 2892 808 2956 sed
823 2888 1074 2960 florentissimum
1096 2896 1260 2983 imperium
1276 2898 1380 2966 laces-

279 2994 384 3060 sierit:
408 2991 522 3079 proeliis
540 2990 717 3076 ambiguus,
733 2992 814 3056 bello
830 3015 893 3058 non
909 2994 1028 3060 victus:
1054 3003 1173 3079 septem
1189 3006 1221 3062 et
1244 2997 1380 3082 triginta

278 3117 376 3160 annos
399 3094 482 3170 ritae,
510 3090 673 3156 duodecim
700 3093 847 3178 potentiae
872 3092 1029 3179 explevit:
1060 3095 1242 3180 caniturque
1269 3099 1380 3164 adhuc

277 3195 427 3260 barbaras
448 3191 533 3277 apud
555 3201 687 3277 gentem
716 3191 896 3258 Graecorum
911 3194 1076 3260 annalibus
1097 3196 1232 3281 ignotus,
1248 3200 1298 3282 qui
1318 3223 1381 3266 sua

278 3303 402 3360 tantum
426 3293 600 3357 mirantur:
629 3291 779 3356 Romanis
797 3292 882 3358 haud
904 3294 1034 3378 perinde
1058 3296 1194 3375 celebris,
1218 3297 1292 3362 dum
1322 3323 1379 3365 ve-

277 3406 345 3462 tera
359 3393 549 3467 extollimus,
564 3392 735 3456 recentium
750 3392 906 3458 incuriosi.

340 3492 526 3560 Additional
563 3490 639 3556 data
678 3515 753 3578 may
781 3493 820 3558 be
857 3494 1009 3558 collected
1047 3495 1125 3560 from
1155 3497 1217 3561 llio
1245 3499 1378 3568 Cassius

280 3601 358 3680 (avr.
376 3596 542 3676 18-24);
567 3592 624 3658 but
639 3592 693 3657 the
710 3601 850 3658 extracta
864 3594 945 3658 have
960 3595 1088 3682 already
1100 3598 1177 3662 been
1193 3621 1227 3664 so
1238 3599 1376 3686 lengthy

276 3722 311 3766 as
329 3706 363 3764 to
383 3697 472 3761 leave
487 3715 574 3758 room
590 3693 664 3779 only
679 3693 728 3757 for
745 3694 799 3757 the
814 3694 955 3760 remarks
970 3695 1006 3760 of
1019 3695 1168 3762 Niebuhr.

668 3899 817 3941 uernans
838 3899 900 3941 clx.
925 3901 974 3942 CX·

318 3996 391 4060 The
417 3991 556 4056 German
582 4013 671 4070 ware,
696 3991 797 4056 which
819 3992 1018 4058 commenced
1042 3994 1075 4060 in
1108 3994 1180 4075 740,
1208 4019 1288 4061 were
1315 3999 1374 4064 the

274 4114 484 4180 consequence
505 4091 543 4156 os
566 4091 620 4156 the
646 4100 812 4175 conquests
838 4094 871 4160 in
899 4094 953 4159 the
969 4095 1060 4181 Alps.
1118 4095 1185 4172 'Ibe
1213 4097 1373 4182 Sigambri

274 4221 358 4269 seem
373 4194 478 4260 before
496 4191 559 4256 this
584 4191 660 4255 time
676 4200 710 4255 to
727 4192 806 4258 have
823 4193 960 4259 invaded
986 4195 1040 4259 the
1067 4195 1124 4261 left
1150 4197 1236 4262 bank
1260 4197 1298 4262 cs
1315 4199 1373 4266 the

273 4298 376 4364 Rhine
398 4295 431 4362 in
448 4316 505 4358 our
522 4291 778 4378 neighbourhood
792 4320 801 4370 ;
825 4294 883 4360 but
900 4295 977 4382 they
992 4294 1055 4360 hed
1078 4295 1156 4362 been
1172 4297 1309 4384 repelled
1326 4299 1372 4386 by
