3088 5080
281 441 327 488 cx
550 429 627 486 'l'llll
654 429 836 488 GERMANY
863 433 910 490 01²
935 433 1102 491 TAOITUS.

281 601 376 672 cerat,
407 593 459 658 alii
490 591 543 676 qui
574 599 664 678 terga
694 594 907 680 circumgressi
939 597 1134 663 recluderent
1160 597 1314 662 humum:
1347 606 1382 662 et
1512 645 1513 662 1

280 694 421 778 utrisque
450 691 553 758 adfuit
588 691 723 758 fortuna.
780 693 829 759 Eo
861 697 1034 783 promptior
1064 697 1169 763 Ceasar
1197 696 1300 783 pergit
1330 699 1381 762 in·

281 802 409 872 trorsus,
438 793 615 879 populatur,
643 793 798 859 exscindit
827 818 889 860 uon
919 819 1031 862 ausum
1056 797 1203 884 congredi
1228 797 1377 862 bostem:

282 903 339 960 aut
359 893 457 960 sicubi
481 892 650 971 restiterat,
673 894 782 958 statim
802 894 936 980 pulsum,
960 919 1018 962 neo
1039 920 1187 983 nmquam
1205 898 1316 982 magis,
1340 907 1379 963 ut

283 1017 323 1060 ex
348 993 482 1080 captivis
506 993 666 1078 cognitum
684 1007 743 1071 est,
769 1005 946 1080 paventem.
994 998 1116 1085 Quippe
1144 998 1315 1063 “invictos
1347 1007 1380 1062 et

281 1095 374 1161 nullis
383 1094 505 1160 casibus
516 1093 706 1179 superabiles
715 1093 900 1162 Romau0s”
914 1098 1136 1182 predicabant,
1153 1105 1173 1134 “
1189 1097 1240 1182 qui
1251 1097 1380 1183 perdita

282 1194 388 1274 classe,
422 1193 544 1260 amissis
572 1193 676 1270 armis,
707 1202 779 1279 post
810 1204 969 1262 constrata
998 1221 1146 1284 equorum
1178 1199 1378 1282 virorumque

283 1295 462 1382 corporibus
487 1295 590 1374 litora,
613 1293 724 1360 eedem
746 1293 874 1372 virtute,
889 1299 958 1382 pari
973 1297 1097 1378 ferocia,
1114 1308 1145 1364 et
1168 1298 1266 1364 veluti
1288 1299 1378 1364 ancti

282 1419 411 1461 numero
428 1393 647 1480 inrupissent.”

325 1494 464 1563 XXVI.
488 1493 651 1560 Reductus
679 1495 752 1559 inde
786 1497 818 1562 iu
853 1497 984 1564 hiberna
1011 1499 1112 1574 miles,
1145 1499 1239 1564 latus
1268 1497 1378 1576 animi,

279 1599 362 1683 quod
389 1597 521 1662 adversa
546 1594 652 1670 maris,
676 1595 876 1679 expeditione
900 1621 1047 1685 prospera
1076 1599 1288 1686 pensavisset:
1318 1599 1379 1663 ad·

280 1699 362 1764 didit
388 1693 632 1763 munificentiam
662 1693 775 1773 (laesar,
805 1705 956 1782 quantum
987 1701 1055 1784 quis
1084 1699 1190 1765 damni
1219 1699 1380 1786 professus

280 1808 359 1876 erat,
391 1794 590 1862 exsolvendo.
650 1793 717 1859 Nec
747 1796 878 1862 dubium
906 1799 1091 1877 habebatur,
1120 1800 1226 1865 labare
1256 1798 1377 1874 hostes,

280 1896 487 1985 petendaeque
510 1895 595 1981 pacis
621 1893 749 1959 consilia
774 1919 905 1976 sumere,
932 1906 964 1965 et
988 1901 1015 1966 si
1038 1901 1181 1986 proxima
1202 1907 1294 1966 astas
1317 1899 1380 1964 ad·

275 1995 435 2083 jiceretur,
450 2017 541 2083 posse
563 1993 678 2060 bellum
699 1997 836 2079 patrari:
864 1999 918 2065 sed
940 1999 1056 2067 crebris
1077 1999 1216 2087 epistolis
1231 1999 1379 2066 Tiberius

281 2099 438 2176 monebat,
455 2095 605 2161 “rediret
622 2093 664 2159 ad
681 2093 841 2162 decretum
864 2099 1079 2185 triumphum:
1103 2100 1180 2166 satis
1188 2097 1257 2186 jam
1280 2122 1377 2164 even-

281 2205 381 2278 tuum,
409 2197 486 2264 satis
511 2217 658 2262 omnum:
685 2217 833 2282 prospera
856 2199 901 2264 illi
925 2208 957 2265 et
981 2223 1097 2286 magna
1115 2201 1240 2287 proelia:
1266 2221 1377 2264 eorum

280 2322 401 2384 qnoque
418 2296 619 2374 meminisset,
642 2317 710 2380 quae
731 2297 817 2362 venti
842 2297 1017 2378 attinctus,
1042 2301 1129 2366 nulla
1156 2300 1244 2367 ducis
1271 2300 1377 2384 culpa,

279 2400 389 2486 gavia
418 2408 523 2464 tamen
550 2405 582 2462 et
604 2418 687 2462 saeva
708 2394 824 2463 damna
845 2399 1041 2467 intulissent:
1071 2424 1104 2467 se
1128 2401 1234 2466 novies
1255 2423 1275 2465 a
1298 2399 1376 2465 divo

281 2501 427 2587 Angusto
448 2500 481 2566 in
504 2498 703 2564 Germaniam
726 2497 865 2579 missum,
888 2500 978 2586 plura
992 2502 1117 2567 consilio
1140 2523 1234 2586 quam
1249 2500 1281 2566 vi
1303 2523 1376 2586 per-

281 2601 398 2668 fecisse.
450 2599 503 2665 Sic
526 2599 716 2685 Sugambros
737 2597 769 2662 in
789 2598 979 2666 deditionem
1002 2609 1155 2688 acceptos,
1179 2603 1223 2668 sic
1243 2601 1376 2680 Suevos,

280 2725 445 2789 regemque
468 2699 711 2776 Maroboduum,
734 2720 810 2783 paca
836 2700 1042 2767 obstrictum:
1074 2723 1163 2788 posse
1191 2711 1223 2767 et
1255 2700 1377 2766 Oberu-

279 2825 357 2881 scos,
376 2811 555 2884 ceterasque
589 2797 750 2863 rebellium
778 2809 898 2884 gentes,
928 2801 1052 2887 quando
1080 2802 1230 2867 Romanae
1261 2801 1377 2866 ultioni

280 2903 456 2968 consultum
470 2907 560 2978 esset,
582 2898 713 2964 internis
727 2899 889 2966 discordiis
912 2902 1073 2988 relinqui.'’
1124 2903 1278 2968 Precante
1295 2901 1377 2965 Ger-

280 3002 402 3066 manico
423 3023 540 3066 annum
557 2997 726 3064 efficiendis
749 3002 868 3086 emptis,
893 3003 996 3068 acrius
1014 3003 1200 3068 modestiam
1225 3001 1290 3089 ejus
1315 3001 1375 3066 ad-

280 3100 430 3188 greditur,
445 3100 579 3165 altemm
603 3100 799 3165 consulatum
821 3101 987 3181 offerendo,
1004 3101 1092 3190 cujus
1106 3104 1214 3168 munia
1237 3124 1376 3188 praesens

281 3201 400 3269 obiret:
427 3199 518 3267 simul
540 3200 737 3278 adnectebat,
766 3201 827 3266 “si
846 3202 927 3268 foret
952 3203 1054 3268 adhuc
1077 3203 1265 3280 bellandum,
1281 3202 1378 3266 relin-

281 3309 390 3387 queret
422 3300 585 3366 materiem
615 3300 712 3364 Drusi
745 3299 850 3366 fratris
878 3303 993 3389 gloriae,
1024 3303 1077 3388 qui
1106 3303 1190 3368 nullo
1214 3311 1282 3368 tum
1311 3302 1376 3367 alio

280 3403 380 3481 hoste,
396 3401 518 3468 nonnisi
538 3398 624 3487 apud
639 3399 823 3465 Gemanica
841 3401 968 3488 adsequi
993 3425 1105 3468 nomeu
1127 3402 1374 3489 imperatorium,

281 3511 313 3568 et
343 3503 507 3588 deportare
538 3502 677 3566 lauream
702 3500 837 3586 posset.”
887 3502 986 3569 Hand
1015 3512 1181 3570 cunctatus
1210 3511 1259 3570 est
1288 3503 1376 3568 ultra

281 3603 495 3682 Germanicus,
524 3623 713 3686 quamquam
740 3597 814 3686 fingi
841 3625 878 3668 ea
905 3626 998 3689 seque
1025 3627 1081 3690 per
1106 3603 1255 3669 invidiam
1282 3611 1375 3688 parto

274 3700 343 3789 jam
359 3704 463 3770 decori
479 3702 618 3768 abstrahi
634 3701 831 3787 intelligeret.

715 3907 782 3949 TAG.
806 3907 882 3948 ANN.
905 3909 939 3952 11.

323 4001 455 4068 XLIV.
479 4002 546 4068 Neo
568 4000 669 4065 multo
693 4008 763 4085 post
789 4001 912 4066 Drusus
934 4001 965 4064 in
994 3999 1155 4087 Illyricum
1179 3999 1291 4066 missus
1313 4009 1374 4080 est,

278 4112 315 4168 nt
333 4111 488 4170 suesceret
503 4100 634 4177 militiae,
650 4099 814 4186 studiaque
829 4101 985 4166 exercitus
1000 4111 1124 4186 pararet
1140 4127 1149 4176 ;
1174 4101 1266 4166 amul
1282 4099 1377 4186 juve-

278 4227 351 4270 nem
372 4204 491 4269 nrbano
519 4202 596 4267 luxu
621 4200 835 4266 lascivientem
857 4200 969 4267 melius
994 4201 1025 4264 in
1051 4200 1161 4266 castris
1186 4201 1293 4266 haberi
1321 4199 1376 4265 'ri-

277 4303 391 4383 barius,
416 4325 510 4388 seque
536 4302 685 4367 tutiorem
715 4301 851 4379 rebatur,
882 4309 1013 4385 utroque
1040 4299 1103 4366 filio
1130 4302 1267 4386 legiones
1293 4301 1378 4366 obti-

278 4413 382 4471 nente.
429 4403 493 4469 Sed
516 4402 610 4469 Suevi
634 4401 922 4489 praetendebantur‚
947 4402 1099 4468 auxilinm
1124 4401 1274 4468 adversus
1295 4401 1377 4467 (lhe-

1511 689 1513 742 l

1511 819 1513 872 l
