3144 5080
552 495 846 554 ruonuuouuur.
1172 484 1249 556 lxix

154 659 196 724 ad
223 669 263 726 se'
281 660 430 726 mitteret.
482 658 684 745 colloquendi
700 659 815 726 (lassari
838 680 947 730 caussa
969 661 1036 726 risa
1058 683 1121 727 non
1143 672 1200 746 est,
1217 675 1248 730 et

153 783 191 825 eo
208 763 316 846 magis,
330 761 413 846 qnod
430 761 528 847 pridie
544 758 609 847 ejus
634 760 696 824 diei
711 759 859 824 Germani
874 760 1001 826 retineri
1013 781 1075 827 nou
1091 770 1247 848 poterant,

152 861 227 945 quin
243 861 275 925 in
290 870 410 926 nostroe
423 862 486 926 tela
501 859 698 948 conjicerent.
750 859 906 944 Legatum
923 883 963 925 ex
978 862 1041 928 suis
1052 885 1117 928 sese
1132 886 1247 950 magno

153 983 225 1026 oum
249 961 385 1046 periculo
407 963 448 1027 ad
478 985 551 1027 eum
575 963 751 1038 missurum,
779 967 811 1024 et
839 961 1015 1028 hominibus
1042 963 1116 1029 feris
1145 962 1247 1050 objec-

153 1068 259 1127 turum
292 1061 503 1128 existimabat.
560 1059 854 1126 Commodissimum
885 1060 986 1128 visum
1018 1070 1077 1139 est,
1110 1062 1148 1130 G.
1179 1065 1246 1132 Va-

152 1159 262 1226 lerium
281 1161 461 1238 Procillum,
479 1163 514 1229 0.
531 1162 651 1228 Valerii
667 1161 782 1228 Gabari
810 1159 916 1239 filium,
933 1183 1055 1228 summa
1069 1163 1186 1230 virtute
1212 1175 1244 1232 et

152 1261 347 1328 humanitate
370 1263 597 1334 adolescentem
629 1261 733 1350 (cujus
759 1269 889 1348 patera
915 1263 951 1328 (l.
971 1261 1099 1329 Valerio
1128 1263 1244 1332 Flacco

150 1361 280 1428 civitate
302 1362 437 1432 donatus
460 1363 555 1448 erat),
581 1372 614 1429 ct
638 1371 768 1450 propter
791 1361 894 1440 fidem,
917 1373 949 1428 et
976 1373 1103 1449 propter
1129 1365 1242 1452 liuguae

151 1461 279 1528 Gallicae
301 1463 473 1543 scientiam,
500 1487 561 1549 qua
582 1464 683 1528 multa
697 1461 767 1549 jam
789 1461 968 1529 Ariovistus
988 1464 1154 1550 longinqua
1168 1488 1243 1532 con-

150 1562 313 1629 suetudine
327 1564 485 1645 utebatur‚
508 1573 540 1631 et
561 1563 644 1649 quod
665 1564 696 1628 in
722 1587 759 1629 eo
780 1563 929 1649 peccandi
952 1564 1117 1631 Germanis
1133 1589 1242 1634 caussa

148 1684 210 1727 non
241 1673 333 1744 esset,
356 1665 398 1730 ad
427 1689 499 1730 eum
526 1665 660 1744 mittere,
687 1672 719 1730 et
749 1663 797 1730 M.
828 1661 993 1742 Mettium,
1019 1665 1071 1750 qui
1105 1667 1240 1753 hospitio

149 1761 302 1831 Ariovisti
313 1787 387 1832 usus
397 1773 475 1830 erat.
521 1765 583 1831 His
594 1765 766 1842 mandavit,
777 1773 824 1840 ut,
837 1787 904 1849 quae
915 1765 1032 1832 diceret
1046 1765 1238 1844 Ariovistus,

147 1874 368 1950 cognoscerent
393 1874 425 1930 et
450 1864 491 1930 ad
518 1888 551 1931 se
578 1864 737 1932 referrent.
795 1865 880 1947 Quos
908 1888 1003 1951 quum
1033 1867 1118 1952 apud
1147 1891 1180 1934 se
1206 1869 1239 1936 in

148 1963 258 2028 castris
284 1964 462 2030 Ariovistus
486 1967 707 2051 conspexisset,
736 1966 875 2030 exercitu
896 1989 952 2032 suo
977 1975 1140 2052 praesente,
1164 1991 1238 2035 cou-

149 2061 317 2128 clamavit:
343 2071 362 2102 “
374 2064 456 2146 Quid
482 2065 524 2130 ad
549 2088 582 2130 ae
607 2066 766 2130 venirent?
803 2066 856 2130 Au
878 2067 1057 2151 speculandi
1079 2070 1238 2138 caussai''

148 2159 298 2230 Cenantis
313 2163 414 2229 dicere
432 2164 587 2250 probibuit
603 2174 634 2230 ct
650 2165 681 2229 in
698 2173 824 2230 catenas
838 2164 978 2252 conjecit.

193 2262 361 2331 XLVIII.
396 2263 517 2329 Eodem
554 2264 604 2330 die
639 2274 741 2330 castra
767 2267 922 2351 promovit
947 2274 979 2332 et
1005 2267 1141 2334 millibus
1167 2292 1237 2355 pas·

146 2385 238 2428 suum
265 2387 319 2429 sex
344 2388 364 2430 a
390 2365 520 2432 (laseris
541 2365 650 2431 castris
668 2365 726 2433 sub
745 2372 851 2430 moute
877 2367 1026 2432 consedit.
1079 2367 1236 2436 Postridie

145 2460 213 2549 ejus
240 2463 302 2530 diei
327 2473 439 2552 praeter
465 2474 568 2532 castra
594 2464 726 2532 Oaesaris
756 2487 828 2531 suae
860 2466 964 2551 copias
995 2468 1175 2533 transduxit
1204 2478 1236 2535 et

145 2563 281 2630 millibus
302 2589 448 2651 passuum
467 2564 588 2632 duobus
609 2566 692 2632 ultra
714 2588 785 2632 eum
808 2572 909 2632 castra
930 2565 1014 2642 fecit,
1038 2589 1075 2630 eo
1097 2568 1236 2648 consilio,

144 2664 192 2728 nti
217 2665 372 2731 frumento
394 2675 639 2752 commeatuque,
662 2667 715 2751 qui
737 2689 777 2732 ex
799 2665 949 2751 Sequanis
971 2676 1003 2732 et
1027 2667 1145 2732 AEduis
1165 2689 1237 2754 sup-

144 2774 331 2850 portaretur,
349 2765 502 2833 (laesarem
519 2767 749 2832 intercluderet.
801 2766 853 2831 Ex
869 2790 905 2832 co
922 2766 972 2832 die
988 2767 1053 2833 dies
1073 2767 1237 2836 continuos

143 2865 278 2951 quinque
306 2865 410 2935 (leesor
432 2891 488 2954 pro
517 2869 627 2934 castris
657 2890 729 2934 suas
758 2867 863 2954 copias
890 2867 1039 2953 produxit
1071 2875 1103 2933 et
1133 2869 1233 2936 aciem

144 2965 327 3033 instructam
348 2968 468 3046 babuit,
483 2978 528 3047 ut,
548 2969 573 3035 si
590 2968 684 3033 vellet
707 2968 884 3034 Ariovistus
906 2969 1012 3053 proelio
1035 2967 1235 3050 contendere,

143 3065 171 3130 ei
185 3075 323 3152 potestas
339 3090 402 3134 non
416 3067 548 3135 deesset.
598 3068 778 3135 Ariovistus
792 3068 841 3133 bis
855 3068 998 3134 omnibus
1018 3068 1127 3136 diebus
1145 3093 1234 3135 exer-

142 3165 240 3231 citum
267 3169 378 3235 castris
402 3169 576 3246 continuit;
602 3170 736 3253 equestri
763 3168 869 3255 proelio
895 3168 1033 3252 quotidie
1059 3170 1234 3237 contendit.

142 3265 249 3334 Genus
263 3270 322 3336 hoc
334 3277 401 3335 erat
412 3293 534 3356 pugnae,
546 3291 606 3355 quo
620 3291 653 3334 se
664 3269 813 3334 Germani
826 3277 1040 3336 exercuerant.
1080 3270 1232 3356 Equitum

142 3367 240 3432 millia
273 3378 362 3435 erant
390 3393 468 3436 sex:
506 3370 638 3435 totidem
668 3392 797 3435 numero
827 3368 948 3454 pedites
980 3369 1162 3436 velocissimi
1194 3393 1233 3436 ac

140 3467 320 3545 fedissimi:
344 3492 420 3556 quos
448 3493 488 3536 ex
511 3470 595 3536 omni
625 3470 714 3555 eopia
739 3470 851 3555 singuli
870 3468 1017 3554 singulos,
1038 3493 1101 3536 sua
1123 3471 1233 3538 salutis

138 3589 256 3646 caussa,
281 3570 471 3657 delegerant.
515 3571 595 3637 Cum
618 3569 666 3636 his
688 3571 718 3634 in
742 3569 855 3656 proeliis
876 3569 1090 3648 versabantur,
1111 3571 1151 3636 ad
1175 3571 1232 3638 bos

140 3691 173 3734 se
190 3670 309 3756 equites
323 3670 535 3757 recipiebant:
559 3671 602 3748 bi,
623 3669 649 3735 si
671 3670 746 3754 quid
766 3678 833 3740 erat
851 3669 968 3748 durius,
984 3671 1229 3736 concurrebant:

139 3769 166 3834 ei
186 3773 247 3854 qui,
271 3772 413 3858 graviore
433 3772 558 3836 vulnere
579 3779 717 3856 accepto,
739 3793 817 3854 equo
838 3768 1008 3847 deciderat,
1024 3771 1232 3836 circumsiste-

140 3869 236 3936 bant:
260 3871 286 3938 si
310 3895 370 3957 quo
396 3881 463 3938 erat
486 3871 608 3958 longius
628 3869 854 3956 prodeundum,
877 3879 933 3936 ant
963 3870 1093 3938 celerius
1120 3870 1231 3957 recipi-

139 3968 264 4050 endum,
294 3979 384 4038 tanta
410 3981 477 4038 erat
504 3973 616 4038 horum
643 3970 866 4036 exercitatione
893 3970 1045 4050 celeritas,
1075 3980 1121 4050 ut,
1141 3969 1229 4058 jubis

138 4093 286 4154 equorum
300 4072 463 4152 sublevati,
478 4095 604 4138 cursum
618 4071 828 4157 adaquarent.

183 4170 317 4236 XLIX.
352 4173 419 4238 Ubi
441 4197 514 4240 eum
535 4173 644 4238 castris
671 4195 705 4238 se
735 4180 840 4236 tenere
863 4169 967 4240 Oeesar
991 4170 1157 4248 intellexit,
1190 4193 1228 4236 ne

138 4270 256 4336 diutius
285 4281 461 4339 commeatu
490 4273 715 4360 prohiberetur,
742 4273 827 4338 ultra
858 4293 930 4336 eum
958 4270 1070 4349 locum,
1103 4294 1164 4357 quo
1195 4272 1229 4336 in

137 4371 204 4436 loco
228 4371 377 4438 Germani
398 4373 611 4451 consederant,
638 4373 761 4440 circiter
782 4393 892 4459 passus
918 4380 1081 4438 sexcentos
1105 4372 1145 4436 ab
1174 4371 1242 4462 eis,¹

136 4471 248 4540 castris
269 4471 417 4540 idoneum
438 4474 540 4542 locum
568 4473 695 4562 delegit,
717 4473 843 4558 acieque
864 4472 977 4560 triplici
1002 4473 1165 4552 instructa,
1188 4471 1231 4538 ad
