3088 5080
582 441 875 498 raonneonnus.
1205 419 1273 492 cvii

178 611 317 676 hostium
331 605 457 693 agmina
471 604 593 670 diversa
607 603 692 688 fuga,
709 603 761 687 qui
777 602 887 668 silvam
903 607 1080 677 tenuerant,
1097 599 1129 662 in
1152 609 1272 685 apertu,

180 713 232 796 qui
261 708 379 794 campis
401 705 597 782 adstiterunt,
624 703 656 768 in
683 702 793 770 silvam
819 701 973 768 ruebant:
998 699 1092 766 medii
1113 700 1195 765 inter
1217 700 1276 766 hos

181 809 340 888 cherusci,
363 807 492 872 collibus
517 802 787 870 detrudebantur:
815 803 897 868 inter
914 823 991 888 qnos
1016 799 1147 886 Insignis
1168 799 1277 866 Armi-

181 911 252 977 nius
277 931 382 986 mann,
405 929 491 982 voce,
510 904 646 982 vnlnere,
670 903 867 969 sustentabat
891 923 1051 988 pugnam:
1079 900 1277 966 incubuerat·

183 1035 242 1096 qne
266 1006 446 1095 sagittariis,
473 1006 526 1070 illa
550 1015 708 1090 rupturus,
726 1003 759 1068 ni
775 1004 960 1070 Rbaetorum
969 1000 1276 1086 Vindelicorumque,

183 1123 215 1177 et
230 1109 357 1176 Gallica
372 1107 515 1172 cobortes
539 1104 628 1191 signa
642 1101 848 1190 objecissent:
876 1104 945 1168 nisu
960 1111 1067 1168 tamen
1082 1101 1228 1188 corporis,
1245 1109 1277 1167 et

183 1212 303 1296 impetn
318 1209 389 1293 equi
403 1205 549 1294 pervasit,
565 1204 681 1270 oblitus
694 1204 805 1270 faciem
822 1227 878 1270 suo
893 1225 1012 1280 cruore,
1023 1225 1062 1266 ne
1079 1211 1276 1268 nosceretur:

183 1311 310 1396 quidam
328 1308 502 1394 “agnitum
528 1329 548 1370 a
562 1304 697 1370 Chaucis
713 1304 796 1369 inter
810 1305 928 1370 auxilia
943 1303 1087 1368 Romana
1102 1302 1276 1389 agentibus,

183 1413 389 1495 emissumque
399 1407 418 1435 ''
437 1405 644 1472 tradiderunt.
697 1404 819 1482 Virtus,
835 1427 890 1471 sen
907 1403 992 1469 fraus
1015 1403 1134 1480 eadem,
1153 1402 1279 1488 Inguio-

183 1535 269 1576 mero
284 1510 432 1594 effugium
448 1507 556 1573 dedit:
584 1505 678 1572 ceteri
699 1505 814 1590 passim
836 1503 995 1571 trucidati.
1055 1501 1101 1568 Et
1119 1503 1279 1589 plerosque

185 1621 310 1678 tranare
327 1607 489 1694 Visurgim
511 1613 668 1684 conantes,
686 1603 801 1692 injecta
821 1605 885 1671 tela
901 1611 957 1670 aut
972 1603 1019 1670 vis
1034 1600 1170 1670 fluminis
1193 1611 1280 1690 post-

184 1734 272 1777 remo
296 1710 394 1776 moles
409 1707 576 1784 ruentium,
592 1714 625 1772 et
641 1706 814 1772 incidentes
830 1706 915 1791 ripae,
932 1727 1089 1791 operuere.
1143 1704 1279 1787 Quidam

186 1811 271 1895 turpi
292 1811 368 1895 fuga
392 1810 424 1874 in
446 1830 568 1874 sumum
583 1807 730 1872 arborum
754 1805 822 1886 nisi,
845 1806 999 1890 ramisque
1021 1827 1054 1870 se
1076 1805 1279 1884 occultantes,

186 1909 323 1976 admotis
348 1909 517 1993 sagittariis
541 1930 597 1992 per
619 1906 789 1972 ludibrium
816 1905 1011 1993 figebantur:
1041 1906 1118 1972 alios
1144 1915 1280 1992 prorutae

186 2011 312 2075 arbores
340 2006 500 2074 adflixere.
552 2007 672 2092 Magna
698 2030 736 2071 ea
754 2006 892 2086 victoria,
918 2030 1018 2092 neque
1042 2015 1173 2072 cruenta
1191 2005 1281 2072 nobis

188 2110 259 2174 fnit.

233 2207 374 2274 XVIII.
410 2206 528 2290 Quinta
562 2205 602 2270 ab
637 2204 716 2270 hora
745 2205 807 2271 diei
844 2206 885 2270 ad
914 2215 1038 2271 noctem
1068 2206 1138 2271 caui
1166 2208 1281 2288 hostes,

189 2310 296 2376 decern
326 2308 424 2374 millia
446 2328 594 2394 passuum
620 2305 823 2370 cadaveribus
847 2315 941 2391 atque
970 2307 1065 2372 armis
1092 2306 1278 2392 opplevere:

189 2410 319 2496 repertis
340 2411 422 2474 inter
443 2406 542 2493 spolia
564 2429 670 2471 eorum
692 2405 820 2482 catenis,
837 2429 913 2491 quas
935 2407 967 2472 in
982 2406 1151 2485 Romanos,
1168 2417 1203 2472 ut
1221 2431 1282 2473 non

190 2511 285 2577 dubio
310 2519 435 2584 eventu,
456 2514 667 2594 portaverant.
726 2505 821 2572 Miles
848 2506 880 2570 in
904 2507 971 2571 loco
998 2506 1106 2592 proelii,
1123 2507 1283 2574 Tiberium

190 2612 416 2697 Imperatorem
448 2607 607 2684 salutavit,
640 2607 816 2691 struxitque
846 2629 1002 2694 aggerem,
1034 2615 1066 2672 et
1092 2607 1124 2670 in
1155 2607 1283 2673 modum

189 2713 398 2797 trophaeorum
425 2731 524 2786 arma,
547 2707 728 2792 subscriptis
753 2707 906 2772 victarum
929 2707 1071 2794 gentium
1096 2708 1282 2788 nominibus,

193 2813 351 2897 imposuit.

234 2913 341 2976 XIX.
369 2909 468 2975 Hand
490 2907 617 2994 perinde
644 2907 818 2974 Germanos
845 2909 983 2986 vulnera,
1010 2908 1123 2987 luctus,
1151 2910 1283 2994 excidia,

190 3035 283 3098 quam
311 3035 349 3076 ea
373 3011 491 3096 species
512 3008 617 3074 dolore
639 3016 671 3072 et
691 3007 739 3072 ira
761 3008 897 3074 adfecit:
922 3011 974 3094 qui
991 3008 1084 3074 modo
1098 3011 1184 3076 abire
1204 3012 1283 3077 sedi·

190 3115 258 3188 bus,
276 3121 362 3178 trans
388 3111 497 3176 Albim
519 3108 689 3174 concedere
715 3110 877 3193 parabant,
900 3131 1037 3194 pugnam
1052 3110 1171 3189 volunt,
1196 3135 1285 3178 arma

192 3214 335 3299 rapiunt:
360 3213 474 3298 plebes,
494 3209 652 3294 primores,
663 3206 823 3295 juventus,
844 3231 944 3284 senes,
970 3231 1082 3296 agmen
1106 3209 1284 3278 Romanum

192 3321 320 3400 repente
333 3313 503 3388 incursant,
523 3309 673 3374 turbant:
697 3318 855 3395 postremo
870 3308 1011 3396 deligunt
1027 3309 1139 3390 locum,
1157 3309 1285 3379 llnmine

192 3421 224 3480 et
258 3413 344 3480 silvis
374 3413 523 3486 clausum,
548 3418 636 3474 arcta
663 3409 748 3474 intus
772 3409 912 3495 planitie,
938 3418 971 3476 et
1002 3410 1152 3476 humida:
1191 3412 1285 3479 silves

191 3536 313 3600 qnoque
328 3511 481 3599 profunda
495 3509 584 3596 palus
599 3509 749 3588 ambibat,
761 3509 826 3576 -nisi
844 3510 927 3595 quod
952 3512 1035 3577 latus
1055 3533 1151 3575 unum
1169 3511 1285 3599 Angri-

191 3615 269 3681 varii
287 3615 352 3680 lato
375 3635 488 3699 aggere
513 3609 702 3685 extulerant,
727 3632 788 3694 qno
813 3631 833 3674 a
855 3609 1018 3676 Cheruscis
1045 3610 1282 3678 dirimerentur:

191 3716 242 3780 hic
264 3715 358 3801 pedes
384 3711 523 3786 adstitit:
562 3709 698 3794 equitem
724 3708 904 3796 propinquis
930 3711 1008 3778 lucis
1033 3711 1152 3790 texere,
1180 3721 1216 3778 ut
1239 3714 1286 3778 in·

191 3816 304 3902 gressis
321 3815 431 3880 silvam
447 3809 621 3897 legionibus
635 3831 654 3874 a
669 3819 757 3896 tergo
774 3810 865 3878 foret.

237 3915 323 3979 XX.
361 3913 446 3978 Nihil
478 3933 518 3977 ex
551 3910 590 3976 iis
620 3911 735 3976 Oaesari
771 3910 982 3996 incognitum:
1018 3911 1155 3990 consilia,
1191 3911 1284 3994 locos,

194 4024 347 4100 prompta,
362 4013 486 4080 occulta
499 4018 639 4088 noverat,
651 4019 798 4096 astusque
812 4010 949 4076 bostium
973 4011 1006 4076 in
1030 4013 1195 4097 perniciem
1210 4013 1286 4100 ipsis

194 4116 346 4182 vertebat.
390 4115 461 4180 Seio
475 4111 632 4178 Tuberoni
652 4111 756 4197 legato
778 4111 875 4176 tradit
890 4111 1037 4196 equitem,
1055 4135 1282 4199 campumque:

194 4215 336 4302 peditum
359 4215 457 4280 aciem
479 4213 525 4278 itu
549 4211 708 4290 instruxit,
735 4221 771 4278 nt
791 4234 864 4297 pars
887 4234 977 4296 aeqno
1003 4211 1036 4276 in
1061 4213 1171 4280 silvam
1194 4214 1282 4281 aditu

194 4314 360 4394 incederet,
383 4337 456 4400 pars
477 4311 633 4400 objectum
650 4335 795 4399 aggerem
819 4313 1010 4378 eniteretur:
1035 4312 1120 4398 quod
1141 4313 1284 4394 arduum,

193 4416 272 4488 sibi;
298 4423 401 4480 cetera
419 4415 529 4500 legatis
545 4413 695 4499 permisit.
742 4413 862 4496 Quibus
884 4413 977 4499 plana
1003 4423 1181 4492 evenerant,
1196 4410 1285 4483 facile
