3088 5080
548 451 841 510 runnueouuun.
1186 449 1243 520 ciii

146 614 282 695 flumine,
316 613 442 702 ejusque
473 615 622 682 immenso
649 637 702 680 ore
731 615 865 681 eundem
896 616 928 682 in
958 617 1118 686 Oceanum
1145 623 1242 690 effun-

146 718 241 782 ditur.

190 818 272 882 Vll.
297 817 361 882 Sed
391 817 505 895 Oaesar,
532 816 607 882 dum
639 815 809 902 adigrmtur
830 838 937 893 naves,
965 818 1077 885 Silium
1099 821 1238 908 legatum

145 942 216 983 cum
239 918 386 1004 expedita
402 939 497 982 manu
512 916 721 1002 inruptionem
738 940 771 982 m
786 917 897 984 Cattos
911 918 1012 984 facere
1021 903 1133 1006 jhbet:
1160 923 1236 1010 ipse,

144 1019 254 1084 audito
287 1017 451 1084 castellum
488 1016 618 1103 Luppiae
655 1014 776 1082 flumini
801 1017 980 1104 adpositum
1007 1021 1152 1103 obsideri,
1181 1046 1237 1090 sex

143 1119 280 1204 legiones
308 1141 345 1184 eo
375 1118 478 1184 duxit.
537 1117 647 1202 Neque
680 1117 756 1183 Sine
788 1117 828 1182 ob
859 1119 979 1186 subitos
1007 1120 1122 1188 imbres
1150 1123 1237 1190 aliud

142 1228 259 1296 actum,
274 1241 369 1305 quam
383 1227 419 1284 ut
435 1218 589 1284 modicam
605 1218 751 1304 predam,
770 1225 803 1282 et
816 1219 896 1304 Arpi
911 1220 1058 1307 principis
1071 1222 1236 1292 Gattorum

141 1318 303 1407 conjugem
340 1317 495 1404 filiamque
521 1327 661 1405 raperet:
696 1340 796 1403 neque
828 1318 944 1385 Oresari
973 1321 1094 1407 copiam
1123 1347 1236 1411 pugne

140 1419 313 1487 obsessores
327 1420 439 1496 fecere,
454 1419 496 1484 ad
511 1419 626 1485 famam
644 1419 799 1485 adventus
815 1418 881 1504 ejus
898 1419 1020 1506 dilapsi.
1065 1421 1235 1492 Tumulum

139 1527 246 1586 tamen
267 1543 367 1607 nuper
389 1520 537 1586 Varianis
558 1520 730 1606 legionibus
750 1527 915 1597 structum,
939 1530 971 1587 et
994 1531 1130 1588 veterem
1147 1548 1234 1591 aram

140 1620 244 1690 Druso
275 1622 368 1688 sitam
398 1618 601 1707 disjecerant:
636 1619 774 1686 restituit
797 1643 904 1696 aram;
940 1621 1109 1708 honorique
1137 1627 1234 1710 patris

137 1722 280 1808 princeps
304 1723 369 1808 ipse
393 1745 463 1786 cum
489 1721 661 1807 legionibus
686 1721 870 1786 decucurrit.
924 1722 1093 1788 Tumulum
1119 1725 1233 1792 iterare

138 1822 223 1886 haud
240 1823 359 1887 visum:
384 1830 417 1886 et
431 1829 544 1886 cuncta
561 1821 643 1888 inter
657 1821 818 1888 castellnm
833 1821 1005 1901 Alisonem,
1022 1845 1059 1888 ac
1074 1823 1231 1905 Rhenum,

141 1923 231 1987 novis
246 1922 406 2000 limitibus,
421 1922 645 2008 aggeribusque
659 1922 846 2007 permunita.

183 2021 285 2087 Vlll.
307 2020 443 2105 Jamque
464 2021 568 2086 classis
587 2021 766 2101 advenerat,
784 2045 856 2087 cum
871 2024 1028 2108 praemisso
1043 2033 1230 2107 commeatu,

141 2130 173 2186 et
186 2120 360 2187 distributis
372 2122 404 2186 in
413 2121 549 2207 legiones
561 2143 598 2186 ac
611 2121 709 2186 socios
718 2123 858 2200 navibus,
868 2122 993 2202 fossam,
1009 2125 1059 2190 cui
1069 2125 1232 2192 Drusiana

140 2243 263 2300 nomen,
278 2222 444 2308 ingressus,
461 2227 664 2306 precatusque
679 2221 818 2286 Drusum
840 2231 971 2308 patrem,
989 2231 1009 2260 “
1020 2233 1057 2290 ut
1074 2247 1107 2291 se
1122 2226 1232 2293 eadem

139 2345 258 2399 ausum,
284 2317 385 2388 libens
409 2323 610 2406 placatusque
632 2322 774 2406 exemplo
799 2343 836 2386 ac
861 2323 1011 2389 memoria
1035 2327 1231 2392 consiliorum

138 2431 232 2507 atque
261 2444 389 2509 operum
409 2421 555 2508 juvaret:
570 2421 589 2448 '⁹
620 2421 705 2486 lacus
731 2421 804 2486 inde
828 2430 860 2488 et
879 2422 1039 2490 Oceanum
1067 2449 1163 2510 usque
1191 2429 1233 2493 ad

139 2522 294 2589 Amisiam
325 2521 440 2588 flumen
477 2521 614 2589 secunda
649 2521 847 2607 navigatione
886 2523 1086 2609 pervehitur:
1129 2527 1233 2594 classis

138 2623 269 2691 Amisia
299 2622 418 2702 relicta,
445 2624 660 2696 lassamus:
699 2631 897 2708 erratumque
927 2623 958 2686 in
986 2647 1032 2701 eo,
1061 2625 1144 2709 quod
1169 2649 1231 2692 non

135 2725 301 2790 subvexit:
330 2723 522 2809 transposuit
546 2723 677 2789 militem
700 2723 829 2790 dextras
851 2723 1000 2789 interrae
1024 2725 1161 2790 iturum:
1185 2727 1232 2792 ita

136 2826 240 2910 plnres
266 2825 332 2890 dies
353 2822 521 2890 efficiendis
542 2825 689 2910 pontibus
709 2823 877 2910 absumpti.
929 2823 974 2888 Et
997 2848 1089 2910 eques
1104 2827 1230 2911 quidem

136 2947 173 2990 ac
196 2925 332 3011 legiones
359 2925 461 3011 prima
479 2923 633 3002 astuaria,
649 2924 787 2989 nondum
810 2925 1009 2990 adcrescente
1023 2925 1118 3006 unda,
1134 2928 1229 2993 intre·

136 3025 202 3112 pidi
225 3026 392 3090 transiere:
431 3033 623 3110 postremum
644 3023 831 3090 auxiliorum
853 3047 976 3110 agmen,
1000 3025 1174 3114 Batavique
1196 3029 1228 3093 in

136 3134 225 3210 parte
240 3148 286 3205 ea,
303 3125 379 3191 dum
393 3125 544 3192 insultant
559 3125 659 3210 aquis,
676 3132 836 3210 artemque
852 3125 947 3190 nandi
969 3134 1139 3204 ostentant,
1163 3137 1228 3194 tnr-

134 3225 209 3304 bati,
226 3225 400 3312 etquidem
414 3225 519 3292 hausti
534 3233 617 3292 sunt.
664 3225 802 3290 Metanti
817 3233 919 3292 castra
943 3225 1060 3292 Doeeari
1075 3227 1231 3315 Angriva-

132 3327 249 3391 riorum
274 3326 452 3392 deiectius
478 3334 566 3413 tergo
592 3325 775 3391 nuntiatur:
818 3326 930 3392 missus
956 3326 1038 3393 illico
1063 3327 1231 3396 Stertinius

134 3449 206 3492 cum
230 3428 333 3512 equite
355 3435 387 3492 et
410 3435 570 3493 armatura
592 3427 662 3505 levi,
679 3425 751 3512 igne
768 3434 802 3491 et
818 3425 955 3492 csedibus
969 3425 1132 3512 perfidiam
1145 3432 1230 3496 ultus

134 3535 192 3594 est.

177 3627 243 3693 IX.
267 3627 401 3693 Flumen
420 3627 564 3712 Visurgis
587 3626 746 3692 Romanos
760 3626 991 3712 Cheruscosque
1006 3625 1226 3694 interfluebat:

134 3725 200 3813 ejus
224 3729 256 3794 in
273 3729 342 3815 ripa
358 3751 429 3793 cum
445 3727 555 3792 ceteris
582 3727 768 3812 primoribus
784 3727 946 3794 Arminius
967 3729 1102 3808 adstitit,
1118 3731 1227 3813 quesi-

131 3835 224 3913 toque
248 3837 320 3895 “an
339 3826 443 3894 Caesar
457 3826 638 3920 spuisset3”
665 3835 829 3912 postquam
858 3828 1024 3894 “adesso''
1047 3851 1228 3915 responsum

131 3937 189 4006 est,
208 3936 228 3968 “
237 3938 274 3994 ut
291 3929 397 3995 liceret
412 3928 595 3993 cumfratre
607 3927 750 4011 conloqui
759 3927 777 3954 '³
792 3928 904 3994 oravit.
958 3929 1078 3996 Eratis
1092 3929 1123 3994 in
1140 3952 1228 3997 exer·

134 4029 198 4093 citu
221 4036 427 4115 cognomento
451 4027 589 4106 Flavius,
613 4027 741 4113 insignis
764 4026 837 4102 fide,
855 4034 888 4092 et
910 4029 1023 4095 amisso
1045 4053 1100 4116 per
1116 4031 1228 4098 vulnus

133 4130 223 4193 oculo
245 4131 351 4214 paneis
372 4139 446 4196 aute
465 4128 565 4206 aunis,
582 4127 659 4194 duce
675 4128 821 4194 Tiberio:
846 4135 913 4194 tam
927 4131 1133 4215 permissum:
1157 4155 1228 4217 pro-

131 4251 316 4315 gressusque
343 4231 499 4296 salntatnr
523 4229 564 4294 ab
590 4229 755 4294 Arminio:
789 4228 841 4314 qui
865 4231 978 4297 amotis
1002 4231 1224 4316 stipatoribus:

133 4337 153 4364 “
167 4338 203 4395 ut
218 4329 372 4415 sagittarii
387 4339 493 4396 nostra
507 4351 562 4415 pro
578 4331 646 4416 ripa
661 4328 803 4416 dispositi
816 4328 1048 4410 abscederent,”
1065 4332 1203 4417 postulat
1216 4359 1225 4408 ;

129 4437 162 4495 et
185 4437 351 4517 postquam
376 4429 514 4516 digressi,
539 4430 653 4495 “unde
668 4453 705 4495 ea
733 4430 914 4497 deformitas
931 4431 1040 4498 orist”
1055 4431 1227 4518 interrogat
