3088 5080
451 436 453 444 ¹
572 433 866 492 rnonsoouunr.
1151 417 1264 492 lxxvii

169 607 261 680 teret,
301 623 413 686 eosque
451 621 557 686 pugna
591 597 791 686 probiberet;
830 595 949 682 sibique
987 597 1036 666 uti
1077 605 1265 685 potestatem

170 703 301 779 faceret,
329 703 360 766 in
388 701 490 766 Ubios
513 701 632 786 legatos
656 697 823 764 mittendi:
848 721 979 783 quorum
1002 699 1028 764 si
1052 699 1206 786 principes
1228 723 1266 766 ac

170 811 297 868 senatus
320 802 377 868 sibi
397 797 602 888 jurejurando
627 798 720 864 fidem
746 799 901 876 fecissent,
927 821 964 864 ea
986 799 1173 878 conditione,
1196 823 1265 885 quae

172 925 193 968 a
216 901 338 968 (lasere
363 901 505 980 ferretur,
528 923 561 965 se
583 922 692 966 usuros
715 899 942 965 ostendebant:
970 900 1012 964 ad
1034 899 1091 966 has
1115 923 1165 966 res
1190 923 1264 965 con·

174 1001 321 1068 liciendas
335 1002 394 1068 sibi
409 1001 505 1067 tridui
520 1000 656 1086 spatium
671 999 772 1066 duret.
818 998 898 1064 Haec
915 999 1020 1065 omnia
1036 999 1140 1066 Oaesar
1155 1001 1265 1066 eodem

174 1101 228 1168 illo
242 1103 396 1189 pertinere
411 1101 632 1178 arbitrabatur,
653 1109 699 1176 ut,
722 1099 817 1166 tridui
833 1121 921 1164 mora
935 1099 1131 1186 interposita,
1147 1102 1266 1186 equites

174 1226 292 1278 eorum,
319 1203 370 1287 qui
396 1202 548 1279 abessent,
571 1207 817 1266 reverterentur:
846 1209 951 1266 tamen
973 1223 1040 1266 sese
1062 1223 1125 1266 non
1144 1201 1267 1288 longius

174 1303 311 1368 millibus
338 1325 485 1388 passuum
507 1309 641 1387 quatuor
662 1300 837 1386 aquationis
859 1323 967 1366 caussa
993 1323 1206 1386 processurum
1228 1325 1265 1367 eo

175 1403 227 1468 die
243 1403 345 1468 dixit:
372 1401 434 1467 huc
453 1410 576 1488 postero
597 1401 648 1466 die
669 1423 763 1485 quam
788 1400 1027 1484 frequentissimi
1053 1402 1264 1478 convenirent,

173 1511 210 1568 ut
235 1503 275 1568 de
301 1525 407 1568 eorum
431 1502 596 1588 postulatis
616 1509 826 1588 cognosceret.
872 1501 1004 1566 Interim
1027 1502 1065 1566 ad
1091 1505 1264 1588 prefectos,

174 1602 229 1689 qui
251 1627 322 1669 cum
347 1603 432 1669 omni
452 1602 592 1688 equitatu
610 1607 849 1679 antecesserant,
872 1601 982 1680 mittit,
1001 1602 1053 1686 qui
1072 1603 1265 1680 nunciarent,

175 1727 215 1770 ne
243 1704 348 1770 hostes
373 1704 479 1789 proelio
501 1703 686 1768 lacesserent
708 1709 752 1780 et,
779 1700 804 1767 si
827 1701 885 1788 ipsi
907 1703 1140 1782 lacesserentur,
1173 1704 1266 1770 susti-

177 1812 297 1878 nerent,
313 1803 415 1888 quoad
432 1804 498 1888 ipse
512 1825 582 1867 cum
600 1803 741 1868 exercitu
755 1802 881 1888 propius
895 1803 1084 1868 accessisset.

222 1903 308 1968 XII.
334 1903 382 1967 At
412 1903 529 1978 hostes,
551 1903 606 1968 ubi
636 1903 771 1988 primum
802 1910 924 1968 nostros
953 1903 1073 1988 equites
1098 1927 1265 1991 conspexe-

178 2009 262 2080 runt,
286 2025 416 2086 qnorum
438 2010 505 2067 erat
528 2003 661 2086 quinque
682 2003 814 2068 millium
836 2025 992 2082 numerus,
1014 2025 1109 2088 quum
1127 2005 1185 2091 ipsi
1205 2028 1267 2070 non

179 2102 313 2188 amplius
344 2125 425 2166 noco.
453 2101 572 2186 equites
605 2103 768 2177 haberent,
797 2103 881 2187 quod
911 2103 943 2184 ii,
974 2105 1026 2189 qui
1055 2103 1267 2171 frumentandi

181 2225 290 2270 caussa
314 2201 414 2268 ierant
438 2209 526 2266 trans
550 2201 685 2279 Mosam,
708 2201 846 2267 nondum
868 2202 1034 2282 redierant,
1058 2205 1135 2270 nihil
1156 2206 1268 2272 timen-

180 2304 264 2369 tibus
280 2302 403 2380 nostris,
420 2301 503 2386 qnod
519 2302 612 2387 legati
628 2323 733 2366 eorum
752 2303 855 2386 paullo
878 2312 952 2368 ante
970 2325 991 2368 a
1011 2303 1133 2370 (lasere
1155 2306 1268 2372 disces-

182 2411 298 2480 serant,
313 2410 409 2488 atque
424 2403 451 2467 is
466 2401 532 2467 dies
546 2401 678 2466 induciis
699 2409 767 2466 erat
782 2401 822 2466 ab
840 2401 884 2468 eis
901 2403 1027 2487 petitus,
1041 2403 1160 2490 impetu
1175 2405 1268 2485 facto,

180 2504 322 2569 celeriter
336 2511 456 2568 nostros
471 2502 740 2589 perturbavemnt.
786 2501 906 2568 Rursus
916 2504 1130 2570 resistentibus
1144 2507 1268 2582 uostris,

180 2603 403 2670 cousuetudine
434 2625 491 2669 sua
518 2601 559 2666 ad
588 2601 683 2688 pedes
714 2600 914 2680 desiluerunt,
947 2603 1153 2688 subfossisqne
1183 2607 1269 2690 equis

177 2704 451 2790 compluribusque
468 2702 580 2769 nostris
595 2701 735 2788 dejectis,
754 2703 888 2787 reliquos
903 2702 933 2766 in
949 2705 1056 2790 fingam
1073 2703 1270 2793 conjecerunt

180 2814 275 2891 atque
295 2805 342 2869 ita
364 2804 545 2889 perterritos
568 2811 707 2888 egerunt,
728 2810 844 2868 utnon
867 2803 954 2889 prius
974 2805 1050 2890 fuga
1076 2805 1269 2886 desisterent,

181 2929 274 2991 quam
299 2905 331 2969 in
351 2913 551 2990 conspectum
568 2903 701 2990 agminis
714 2903 813 2969 nostri
828 2904 993 2970 venissent.
1058 2905 1095 2970 Iu
1111 2929 1147 2972 eo
1165 2907 1271 2993 proelio

181 3029 221 3071 ex
244 3005 399 3090 equitibus
419 3004 533 3069 nostris
558 3002 787 3068 interficiuntur
806 3011 940 3088 quatuor
963 3013 995 3069 et
1012 3007 1218 3093 septuaginta,
1237 3008 1270 3074 in

181 3105 231 3172 his
247 3107 295 3172 vir
309 3105 506 3180 fortissimus,
525 3103 609 3182 Piso,
626 3103 813 3188 Aquitanus,
830 3103 1019 3190 amplissimo
1040 3129 1151 3192 genere
1168 3117 1271 3188 uatus,

182 3205 270 3293 cujus
299 3227 377 3272 avus
407 3205 439 3269 in
465 3204 593 3270 civitate
623 3227 680 3270 sua
707 3226 837 3290 regnum
868 3205 1055 3284 obtinuerat,
1083 3209 1202 3274 amicus
1229 3207 1271 3275 ab

182 3315 293 3372 senatu
313 3313 420 3370 nostro
445 3304 629 3391 adpellatus.
697 3303 762 3368 Hic
793 3327 887 3389 quum
916 3306 1005 3371 fratri
1037 3307 1203 3374 intercluso
1230 3309 1272 3376 ab

183 3407 325 3472 hostibus
339 3405 491 3470 auxilium
512 3405 616 3482 ferret,
634 3403 722 3469 illum
744 3425 784 3468 ex
803 3405 939 3490 periculo
955 3405 1086 3492 eripuit:
1110 3408 1271 3494 ipsaeque

181 3508 343 3574 vulnerato
367 3501 518 3591 dejectus,
534 3505 637 3589 quoad
664 3503 779 3590 potuit,
795 3504 961 3570 fortissime
986 3506 1112 3574 restitit.
1167 3507 1272 3590 Quum

182 3608 420 3684 circumventus,
446 3605 553 3670 multis
567 3605 745 3670 vulneribus
765 3604 910 3690 acceptis,
934 3605 1106 3686 cecidisset,
1124 3615 1219 3692 atque
1240 3609 1274 3674 id

181 3709 288 3784 frater,
305 3707 357 3792 qui
372 3703 442 3792 jam
465 3705 571 3791 proelio
587 3711 772 3783 excesserat,
788 3705 895 3789 procul
918 3705 1056 3771 animum
1076 3707 1272 3787 advertisset,

182 3809 313 3874 incitato
330 3829 408 3893 equo
424 3829 456 3872 se
471 3805 613 3871 hostibus
625 3804 739 3870 obtulit
755 3813 850 3889 atque
864 3806 1046 3872 interfectus
1060 3815 1119 3873 est.

233 3906 339 3973 XIII.
373 3906 444 3972 Hoc
465 3906 549 3971 facto
577 3905 693 3990 proelio,
723 3903 830 3970 (laser
859 3925 959 3991 neque
975 3903 1043 3991 jam
1069 3907 1129 3973 sibi
1151 3907 1272 3995 legatos

181 4007 364 4083 audiendos,
381 4028 480 4092 neque
502 4005 695 4072 conditiones
716 4005 912 4091 accipiendas
933 4007 1143 4074 arbitrabatur
1157 4009 1197 4074 ab
1213 4011 1272 4090 his,

182 4109 235 4193 qui
252 4131 307 4194 per
323 4107 429 4173 dolum
445 4115 540 4192 atquc
554 4104 691 4185 iusidias,
707 4105 808 4192 petita
821 4127 907 4191 pace,
921 4106 1004 4172 ultro
1021 4107 1136 4172 bellum
1153 4110 1274 4178 intulis·

183 4217 274 4274 sent:
302 4215 482 4295 exspectare
497 4228 580 4285 vero,
597 4206 671 4271 dum
689 4207 826 4272 hostium
841 4205 938 4290 copiae
954 4215 1142 4293 augerentur
1156 4211 1275 4295 equita-

181 4317 294 4393 tusque
308 4315 521 4386 reverteretur,
534 4329 662 4374 summa
673 4305 838 4372 dementiae
849 4327 916 4372 esse
923 4303 1088 4392 judicabat
1099 4317 1141 4386 et,
1150 4312 1278 4396 cognita

182 4409 344 4476 Gallorum
361 4405 719 4493 infirmitate,.quautum
729 4404 797 4494 jam
813 4405 897 4492 apud
912 4429 965 4474 eos
988 4407 1092 4476 hostes
1113 4433 1176 4475 unc
1194 4433 1273 4496 proe·
