3144 5080
577 446 868 501 rnonnnounus.
1195 433 1270 502 lxiii

175 606 396 672 maturandum
425 607 483 672 sibi
508 606 711 686 existimavit,
741 630 789 690 ne,
808 608 833 672 si
858 629 939 673 nova
962 631 1073 673 maures
1096 609 1269 674 Suanorum

174 729 245 772 cum
262 708 419 773 veteribus
441 708 536 792 copiis
554 706 705 772 Ariovisti
729 730 795 773 sese
818 706 1038 793 conjunxisset,
1056 711 1159 774 minus
1181 710 1270 774 facile

174 809 275 873 resisti
290 817 405 895 posset.
458 809 570 892 Itaque
587 831 621 872 re
638 808 851 886 frumentaria,
868 831 962 893 quam
979 810 1137 874 celerrime
1155 812 1269 896 potuit,

174 916 365 994 comparata,
384 909 505 994 maguis
519 908 683 974 itineribus
699 909 741 973 ad
758 909 954 974 Ariovistum
971 911 1143 974 contendit.

232 1007 450 1072 XXXVIII.
483 1009 587 1090 Quum
616 1009 714 1074 tridui
737 1008 821 1073 viam
846 1009 1056 1096 processisset,
1087 1011 1269 1075 nunciatum

175 1116 222 1174 est
240 1109 278 1186 ei,
296 1109 492 1174 Ariovistum
514 1131 586 1174 cum
614 1108 678 1175 suis
703 1110 846 1175 omnibus
868 1111 964 1195 copiis
985 1111 1027 1175 ad
1055 1112 1270 1196 occupandum

177 1209 413 1285 Vesontionem,
430 1209 514 1294 quod
532 1217 579 1274 est
594 1210 743 1294 oppidum
768 1211 942 1275 maximum
958 1211 1181 1297 Sequanorum,
1200 1235 1272 1276 con-

174 1310 312 1388 tendere,
330 1311 487 1394 triduique
503 1311 586 1375 viam
604 1332 625 1373 a
641 1311 705 1375 suis
719 1307 832 1376 finibus
843 1311 1037 1396 processisse.
1083 1311 1122 1376 Id
1137 1335 1176 1376 ne
1191 1314 1270 1378 acci·

176 1410 273 1488 deret,
303 1431 416 1497 magno
441 1433 533 1496 opere
562 1410 619 1474 sibi
647 1411 885 1495 praecavendum
912 1411 1017 1477 Gaesar
1046 1413 1269 1478 existimabat:

176 1531 308 1595 namque
330 1512 468 1576 omnium
494 1533 609 1586 rerum,
628 1532 696 1594 qua
722 1511 763 1575 ad
788 1511 904 1576 bellum
930 1514 999 1578 usui
1029 1521 1130 1590 erant,
1148 1535 1271 1579 summa

176 1613 290 1678 eratin
316 1635 352 1676 eo
369 1611 483 1698 oppido
507 1611 660 1686 facultes;
684 1612 777 1696 idque
791 1620 905 1677 natura
919 1611 978 1677 loci
996 1613 1040 1679 sic
1064 1615 1271 1690 muniebatur,

176 1720 213 1778 ut
227 1733 374 1799 magnam
391 1711 432 1778 ad
450 1712 627 1776 ducendum
643 1712 760 1776 bellum
782 1712 873 1777 daret
894 1713 1086 1791 facultatem,
1106 1721 1272 1800 propterea

177 1813 261 1898 quod
289 1811 405 1878 flumen
431 1812 543 1890 Dubis,
562 1820 598 1876 ut
625 1812 750 1890 circino,
777 1813 1034 1893 circumductum,
1053 1837 1141 1901 paene
1166 1825 1271 1880 totum

177 1913 327 1998 oppidum
354 1911 473 1997 cingit:
508 1913 660 1995 reliquum
686 1913 834 1997 spatium,
861 1914 946 1999 quod
975 1924 1110 1980 estnon
1137 1915 1271 2000 amplius

178 2011 294 2096 pedum
320 2035 378 2086 oa,
411 2033 472 2095 qua
494 2009 609 2076 flumen
635 2012 829 2090 intermittit,
856 2036 946 2080 mons
984 2016 1122 2080 continet
1157 2038 1272 2102 magna

179 2111 355 2187 altitudine,
372 2111 418 2176 ita
434 2118 470 2175 ut
485 2111 605 2176 radices
623 2113 739 2177 montis
761 2135 802 2177 ex
821 2121 953 2198 utraque
973 2125 1061 2201 parte
1076 2116 1150 2202 ripae
1168 2115 1271 2182 flumi-

179 2211 228 2276 nis
244 2211 434 2298 contingant.
482 2211 578 2275 Hunc
591 2233 698 2276 murus
709 2211 919 2278 circumdatus
929 2237 1032 2279 arcem
1045 2215 1139 2281 efficit
1153 2225 1270 2282 etcum

179 2311 294 2398 oppido
316 2309 486 2397 conjungit.
545 2309 619 2375 Huc
642 2311 746 2377 Oaesar
766 2314 887 2398 magnis
913 2317 1072 2381 nocturnis
1094 2317 1272 2402 diurnisque

177 2411 341 2478 itineribus
351 2411 522 2488 contendit,
533 2421 743 2497 occupatoque
754 2413 877 2499 oppido,
890 2414 932 2477 ibi
943 2415 1119 2499 praesidium
1130 2417 1270 2492 collocat.

233 2513 415 2578 XXXIX.
449 2513 536 2578 Dum
565 2534 682 2598 pancos
711 2512 777 2578 dies
805 2512 847 2577 ad
880 2513 1106 2580 Vesontionem
1134 2517 1180 2580 rei
1208 2517 1273 2582 fru-

177 2613 338 2678 mentariae
362 2621 612 2697 commeatusque
638 2635 746 2678 caussa
772 2621 920 2691 moratur,
951 2637 991 2679 ex
1019 2618 1272 2701 percunctatione

178 2722 355 2780 nostrorum
371 2713 559 2798 vocibusque
584 2711 746 2779 Gallorum
769 2736 807 2779 ac
833 2723 1051 2794 mercatorum,
1075 2716 1127 2800 qui
1155 2717 1273 2802 ingenti

178 2813 395 2898 magnitudine
422 2835 586 2900 corporum
619 2813 800 2892 Gennanos,
828 2815 1000 2881 incredibili
1029 2816 1147 2882 virtute
1176 2825 1273 2903 atque

179 2915 403 2982 exercitatione
430 2915 462 2978 in
491 2913 586 2979 armis
613 2936 679 2980 esse
715 2914 936 3000 praedicabant,
965 2939 1175 3002 saepenumero
1207 2941 1273 2984 sese

179 3037 250 3079 cum
277 3015 322 3080 eis
339 3037 517 3100 congressos
534 3037 572 3078 ne
587 3015 709 3080 vultum
731 3014 857 3101 quidem
879 3023 972 3101 atque
999 3019 1096 3082 aciem
1114 3019 1273 3084 oculorum

178 3115 255 3180 ferre
267 3115 415 3201 potuisse,
429 3123 537 3180 tantus
546 3115 651 3179 subito
661 3115 756 3180 timor
771 3137 895 3180 omnem
911 3118 1083 3182 exereitum
1098 3121 1271 3205 occupavit,

178 3222 214 3280 ιιι
241 3239 304 3280 non
325 3215 523 3280 mediocriter
548 3215 686 3279 omnium
713 3223 834 3282 mentes
859 3217 1038 3302 animosque
1066 3221 1272 3304 perturbaret.

179 3315 244 3381 Hic
258 3316 392 3401 primum
408 3323 495 3380 ortus
510 3323 556 3380 est
571 3315 736 3380 atribuuis
750 3316 894 3394 militnm,
910 3318 1063 3404 praefectis
1077 3321 1272 3406 reliquisque,

178 3415 241 3501 qui,
255 3439 295 3480 ex
311 3415 388 3480 urbe
402 3415 546 3480 amicitia
572 3438 681 3480 caussa
696 3416 850 3482 Caesarem
865 3420 973 3497 secuti,
991 3441 1052 3483 non
1069 3442 1217 3506 maguum
1241 3422 1272 3486 in

177 3539 211 3582 re
236 3516 364 3582 militari
388 3538 479 3581 usum
503 3515 679 3580 habebant:
704 3539 836 3601 quorum
850 3518 939 3594 alios,
957 3519 1020 3584 alia
1034 3541 1143 3586 caussa
1173 3521 1270 3600 illata,

176 3639 270 3701 quam
287 3617 347 3682 sibi
362 3617 402 3682 ad
427 3613 682 3703 proficiscendum
700 3618 904 3694 necessariam
930 3641 996 3684 esse
1022 3617 1171 3697 dicerent,
1188 3630 1273 3706 pete-

178 3717 263 3796 bant,
287 3726 324 3783 nt
347 3714 413 3802 ejus
439 3717 602 3783 voluntate
629 3715 787 3781 discedere
814 3717 939 3782 liceret:
976 3720 1126 3798 nonnulli,
1154 3720 1272 3806 pudore

176 3817 315 3896 adducti,
342 3825 379 3883 ut
412 3816 532 3882 timoris
555 3815 759 3900 suspicionem
792 3817 938 3896 vitarent,
967 3821 1179 3886 remanebant.
1227 3821 1272 3886 Hi

177 3941 275 4004 neque
296 3919 418 3984 vultum
444 3914 570 4001 fingere,
588 3939 688 4000 neque
711 3916 869 3982 interdum
895 3920 1039 3984 lacrimas
1061 3927 1167 3986 tenere
1183 3933 1273 4008 pote-

176 4027 267 4084 rant:
295 4017 395 4085 abditi
409 4018 442 4081 in
457 4017 666 4082 tabemaeulie
680 4025 736 4082 aut
752 4041 843 4083 snum
865 4019 965 4084 fatum
981 4021 1199 4105 querebantur,
1215 4032 1271 4088 aut

177 4140 249 4182 eum
287 4117 491 4184 familiaribus
527 4117 591 4184 suis
626 4139 789 4182 commune
827 4120 997 4204 pericolum
1034 4123 1272 4188 miserabantur.

178 4217 285 4303 Vulgo
300 4218 376 4285 totis
392 4218 503 4284 castris
531 4224 720 4282 testamenta
744 4219 996 4304 obsignabantur.
1049 4221 1173 4287 Horum
1188 4224 1273 4288 voci-

176 4318 236 4384 bus
250 4340 287 4382 ac
301 4319 412 4384 timore
429 4317 592 4404 paullatim
607 4317 702 4384 etiam
717 4319 748 4397 ii,
772 4321 825 4404 qui
842 4342 991 4406 maguum
1006 4323 1037 4386 in
1056 4323 1166 4389 cestris
1182 4347 1271 4388 usum

177 4418 345 4496 habebant,
367 4419 482 4484 milites
505 4419 770 4504 centurionesque,
796 4419 909 4504 quique
935 4421 1077 4506 equitatu
1102 4433 1270 4509 praeerant,
