3088 5080
550 443 842 500 PROLEGOMENA.
1181 455 1247 504 xcv

153 615 267 688 butur;
291 609 441 677 validiore
462 605 546 692 apud
569 629 622 672 eos
638 605 793 681 Arminio,
812 605 936 690 quando
951 607 1069 672 bellum
1083 609 1246 675 suadebat.

154 715 236 780 Nam
260 711 410 788 barbaris,
437 715 553 794 quanto
579 707 648 791 quis
672 706 804 770 audacia
830 715 1005 792 promptus,
1031 716 1122 774 tanto
1147 712 1248 796 magis

153 813 243 896 lidus,
270 811 421 895 rebusque
445 809 539 874 motis
564 807 665 893 potior
694 807 838 872 habetur.
895 806 1073 873 Addiderat
1104 811 1248 895 Segestes

153 916 265 1002 legatis
287 912 393 989 filium,
417 909 542 974 nomine
565 907 811 994 Segimundum:
839 907 894 973 sed
910 905 1036 992 juvenis
1057 910 1247 976 conscientia

154 1015 380 1080 cunctabatur:
404 1011 518 1095 quippe
540 1029 632 1086 anno,
655 1029 716 1093 quo
732 1007 907 1073 Germanice
923 1008 1088 1089 descivere,
1104 1011 1248 1078 sacerdos

153 1116 237 1202 apud
268 1116 369 1178 Aram
397 1105 552 1174 Ubiorum
580 1116 712 1186 creatus,
742 1117 868 1193 ruperat
897 1109 1002 1186 vittas,
1028 1110 1177 1196 profugus
1206 1112 1247 1177 ad

154 1216 293 1281 rebelles.
337 1211 506 1276 Adductus
522 1217 628 1274 tamen
646 1208 677 1273 iu
700 1230 786 1294 spem
809 1208 981 1274 clementia
1004 1210 1162 1290 Romanae,
1178 1235 1247 1297 per-

154 1317 228 1380 tulit
264 1314 363 1401 patris
401 1309 562 1388 mandata,
600 1309 793 1394 benigneque
824 1317 975 1394 exceptus
1007 1333 1078 1376 cum
1104 1312 1247 1397 prasidio

154 1416 308 1480 Gallicam
330 1415 362 1478 in
384 1412 484 1497 ripam
501 1411 614 1476 missus
630 1417 689 1475 est.
734 1409 921 1474 Germanico
936 1411 1071 1496 pretium
1087 1411 1158 1492 fuit,
1176 1435 1247 1478 oon·

154 1525 274 1582 vertere
309 1533 445 1600 agmen:
483 1520 716 1597 pugnatumque
753 1511 786 1575 in
829 1509 1016 1590 obsidentes,
1052 1519 1085 1576 et
1123 1522 1248 1598 ereptus

155 1617 299 1703 Segestes
314 1634 428 1700 magna
444 1634 516 1676 cum
538 1612 781 1697 propinquorum
803 1619 836 1675 et
858 1610 1019 1676 clientium
1041 1632 1146 1680 manu.
1193 1613 1248 1678 In-

153 1725 240 1782 erant
256 1716 378 1780 feminae
392 1713 522 1787 nobiles,
537 1712 619 1776 inter
634 1734 711 1796 quas
732 1734 813 1776 uxor
828 1710 975 1789 Arminii,
992 1713 1161 1798 eademque
1183 1712 1248 1780 iilia

155 1816 302 1902 Segestis,
328 1813 433 1878 mariti
458 1813 557 1898 magis
583 1834 676 1897 quam
702 1811 841 1898 parentis
864 1812 978 1892 eulmo,
993 1836 1093 1898 neque
1108 1815 1193 1880 victa
1213 1815 1245 1880 in

153 1917 307 1992 lacrimas,
323 1936 421 1997 neque
435 1935 511 1976 voce
524 1911 672 1996 supplex„
681 1911 864 1996 compressis
879 1913 963 1978 intra
976 1913 1078 1979 sinum
1093 1915 1246 1994 manibus,

153 2016 317 2101 gravidum
350 2021 473 2076 uterum
498 2013 633 2077 intuens.
697 2011 894 2078 Ferebantur
916 2021 948 2077 et
977 2014 1076 2099 spolia
1101 2014 1248 2082 Varianae

154 2115 262 2190 cladis,
291 2112 443 2199 plerisque
471 2133 587 2189 eorum,
617 2112 763 2195 quitum
790 2113 823 2177 iu
852 2113 1042 2179 deditionem
1069 2116 1247 2192 veniebant,

154 2215 266 2301 prcedae
290 2214 375 2278 data.
422 2211 522 2276 Simul
550 2211 695 2296 Segestes
717 2213 782 2297 ipse
807 2213 915 2298 ingens
936 2215 1013 2292 risu,
1041 2222 1073 2280 et
1098 2218 1248 2284 memoria

156 2317 243 2381 bona
258 2311 416 2380 societatis
432 2311 626 2396 impavidus:
651 2312 747 2376 verba
761 2309 828 2398 ejus
841 2313 873 2376 in
888 2313 971 2378 hunc
985 2315 1114 2380 modum
1128 2317 1225 2382 luere.

206 2414 336 2482 LVIII.
359 2422 379 2450 ‘⁴
394 2411 472 2477 Non
493 2411 545 2477 hic
567 2411 642 2476 mihi
665 2413 784 2497 primus
809 2435 883 2498 erga
902 2415 1051 2500 populum
1067 2415 1244 2482 Romanum

155 2513 227 2581 fidei
251 2523 286 2582 ot
309 2513 494 2580 constantim
522 2513 608 2578 dies:
645 2534 686 2576 ex
712 2535 773 2596 quo
801 2535 822 2577 a
848 2513 920 2578 divo
947 2515 1093 2600 Augusto
1119 2517 1246 2584 civitate

155 2616 289 2682 donatus
301 2638 380 2692 sum,
392 2613 509 2680 amicos
523 2613 724 2696 inimicosque
739 2614 904 2680 excestria
919 2615 1110 2680 utilitatibus
1125 2615 1244 2702 delegi:

155 2739 255 2802 neque
282 2715 354 2781 odio
381 2713 491 2800 patriae
518 2713 646 2799 (quippe
674 2713 857 2799 proditores,
885 2715 980 2780 etiam
1005 2714 1043 2780 iis
1065 2739 1140 2800 quoa
1154 2725 1244 2782 ante-

154 2825 284 2902 ponuut,
307 2815 398 2881 invisi
423 2815 522 2896 sunt),
541 2837 648 2879 verum
666 2815 740 2898 quia
756 2813 906 2881 Romanis
924 2815 1149 2900 Germanisque
1163 2817 1246 2884 idem

154 2919 326 2982 conducere
339 2941 348 2990 ;
377 2924 408 2981 et
425 2937 544 3000 pacem,
561 2937 653 2999 quam
669 2915 785 2979 bellum
807 2915 986 3000 probabam.
1040 2916 1126 3003 Ergo
1139 2926 1246 3004 rapto-

153 3040 220 3082 rem
248 3016 318 3082 filiae
347 3037 434 3095 meae,
467 3014 648 3079 violatorem
679 3013 801 3080 foederis
826 3016 920 3081 vestri
946 3017 1136 3095 Arminium,
1161 3020 1247 3105 apud

155 3116 287 3196 Varum,
321 3117 373 3202 qui
414 3123 482 3182 tum
509 3114 660 3179 exercitui
688 3114 884 3200 praesidebat,
909 3139 997 3182 reum
1019 3117 1096 3184 feci:
1130 3118 1247 3186 dilatus

154 3218 287 3304 segnitia
309 3217 407 3293 ducis,
431 3217 504 3301 quia
525 3237 634 3300 parum
657 3215 792 3300 presidii
806 3216 839 3280 in
853 3216 973 3302 legibus
988 3227 1065 3296 erat,
1081 3227 1117 3284 ut
1132 3241 1194 3296 me,
1213 3230 1246 3286 et

154 3317 343 3394 Arminium,
371 3324 405 3382 et
427 3316 566 3381 conscios
590 3315 732 3396 vinciret,
758 3312 907 3400 flagitavi.
967 3318 1071 3386 Testis
1093 3318 1147 3384 illa
1170 3343 1244 3397 nox,

153 3418 230 3483 mihi
257 3418 379 3484 utinam
404 3415 509 3502 potius
537 3415 726 3481 novissima!
790 3417 867 3498 Quae
893 3425 1001 3484 secuta
1026 3427 1109 3497 sunt,
1136 3417 1243 3486 dederi

152 3519 261 3604 magis,
293 3541 386 3603 quam
424 3515 549 3581 defendi
584 3522 734 3601 possunt:
775 3526 911 3582 cetemm
939 3527 972 3583 et
999 3516 1090 3604 injeci
1119 3528 1246 3585 catenae

151 3618 306 3697 Arminio,
327 3627 359 3683 et
385 3640 404 3682 a
427 3615 561 3682 faotione
586 3614 653 3702 ejus
675 3614 806 3703 injectae
828 3639 990 3702 perpessus
1012 3641 1093 3684 sum.
1138 3619 1247 3704 Atque

151 3719 205 3784 ubi
228 3719 364 3805 primum
387 3717 435 3784 tui
461 3715 558 3802 copia,
583 3723 691 3781 vetera
713 3717 811 3794 novis,
834 3725 866 3781 et
890 3719 996 3803 quieta
1010 3718 1144 3784 turbidis
1158 3729 1245 3785 ante-

151 3819 271 3884 habeo:
299 3842 398 3904 neque
422 3817 463 3882 ob
488 3815 660 3902 pramium,
688 3817 743 3882 sed
766 3824 802 3882 ut
831 3839 880 3882 me
907 3817 1037 3903 perfidia
1062 3821 1242 3897 exsolvam3

151 3919 243 3984 simul
259 3920 346 4005 genti
369 3917 596 3984 Germanorum
619 3916 749 3982 idoneus
771 3917 959 3998 conciliator,
982 3919 1008 3984 si
1030 3919 1244 4005 poeniteutiam

151 4041 244 4102 quam
262 4020 428 4105 perniciem
453 4017 609 4082 maluerit.
661 4016 724 4082 Pro
733 4015 868 4102 juventa
883 4027 915 4084 et
932 4041 1035 4085 errore
1050 4017 1105 4084 lilii
1120 4020 1243 4086 veniam

149 4141 279 4204 precor:
307 4118 403 4186 filiam
428 4118 611 4184 necessitate
634 4117 695 4183 buc
721 4117 892 4183 adductam
915 4119 1035 4185 fateor:
1070 4129 1161 4185 tuum
1185 4122 1245 4188 erit

149 4219 334 4296 consultare,
357 4227 463 4284 utrum
490 4217 669 4304 praevaleat,
685 4217 769 4304 quod
794 4241 835 4282 ex
857 4218 1002 4284 Arminio
1028 4220 1178 4306 concepit,
1203 4243 1242 4286 an

149 4319 234 4404 quod
260 4341 301 4384 ex
319 4343 369 4385 me
392 4320 499 4406 genita
524 4317 602 4384 est.”
654 4319 768 4396 Caesar,
793 4319 937 4384 clementi
961 4342 1116 4406 responso,
1141 4320 1245 4386 liberis

148 4419 387 4506 propinquisque
412 4416 478 4504 ejus
500 4418 757 4498 incolumitatem,
781 4420 840 4504 ipsi
862 4419 968 4484 sedem
982 4419 1110 4502 Vetera,
1126 4421 1158 4486 iu
1173 4443 1246 4506 pro-
