3150 5136
575 427 854 484 nernnuonuur.
1169 417 1257 486 xxiii

161 589 277 673 arguti,
305 589 442 655 motibus
469 590 618 677 expediti,
648 599 679 655 et
711 591 752 654 ad
780 589 982 675 equitandum
1012 594 1254 678 promptissimi:

130 705 137 722 ·
161 690 294 774 scapulis
309 691 390 768 latis,
405 699 436 756 et
451 691 492 756 ad
508 713 598 756 arcus
612 691 802 776 sagittasque
817 691 937 776 parati:
962 689 1059 758 firmis
1076 693 1255 772 crevicibus‚

161 796 193 853 et
220 790 364 875 superbia
394 813 515 877 semper
546 792 651 856 erecti.
707 791 753 855 Hi
779 813 852 856 vero
879 791 937 856 sub
965 793 1126 858 hominum
1158 791 1258 881 figura

161 889 271 954 vivunt
293 891 417 956 beluina
437 892 566 957 saevitia.
611 891 702 974 Quod
724 913 822 976 genus
843 892 1119 977 expeditissimum,
1142 897 1256 960 multa·
1336 941 1338 946 ·

162 1012 291 1073 rumque
323 991 485 1056 nationum
508 993 739 1076 grassatorium,
764 991 854 1056 Getae
880 999 916 1056 ut
941 993 1095 1074 viderunt,
1121 1017 1256 1081 expave-

162 1098 273 1154 scunt:
297 1113 412 1175 suoque
436 1115 508 1158 cum
534 1115 606 1178 rege
634 1093 810 1169 diliberaut‚
838 1094 970 1176 qualiter
990 1116 1023 1158 se
1046 1117 1067 1158 a
1089 1095 1145 1160 tali
1166 1097 1255 1161 hoste

161 1189 346 1256 subducant.
390 1192 473 1257 Nam
491 1192 716 1258 Hermamicus
730 1215 786 1256 rex
802 1191 987 1272 Gothorum,
1003 1193 1076 1259 licet
1093 1196 1143 1278 (ut
1165 1217 1254 1282 supe·

162 1290 226 1354 rius
250 1292 426 1378 retulimus)
453 1292 623 1358 multarum
645 1291 787 1378 gentium
810 1292 950 1358 extiterit
973 1293 1191 1379 triumphator,
1216 1296 1255 1362 de

164 1387 353 1457 Hunnorum
380 1401 485 1458 tamen
511 1393 649 1458 adventu
674 1392 750 1458 dum
773 1391 903 1478 cogitat,
921 1393 1154 1459 Roxolanorum
1178 1419 1254 1484 gens

162 1489 267 1569 infida,
284 1515 354 1576 quae
380 1501 456 1558 tunc
481 1494 563 1559 inter
585 1493 662 1559 alias
689 1492 876 1558 famulatum
902 1494 1080 1570 exhibebat,
1099 1496 1157 1561 tali
1182 1519 1253 1562 eum

160 1591 349 1657 nanciscitur
360 1595 520 1680 occasione
533 1594 683 1680 decipere.
728 1593 813 1658 Dum
827 1593 909 1658 enim
924 1593 1081 1677 quandam
1095 1595 1255 1663 mulierem

162 1691 291 1757 Sanielh
315 1694 440 1758 nomine
469 1715 508 1760 ex
535 1702 628 1782 geute
652 1701 834 1774 memorata,
851 1717 908 1779 pro
930 1695 1035 1760 mariti
1056 1695 1255 1762 fraudulento

156 1792 310 1872 -discessu,
328 1816 385 1858 rex
407 1792 510 1860 furore
532 1802 715 1871 commotus,
739 1793 825 1878 equis
846 1794 1001 1860 ferocibus
1021 1795 1184 1883 illigatam,
1208 1797 1254 1862 in·

162 1886 327 1977 citatisque
351 1895 490 1961 cursibus
511 1917 567 1980 par
584 1895 706 1960 diversa
722 1893 827 1959 divelli
844 1895 1043 1981 praecipisset,
1061 1897 1173 1963 fratres
1188 1896 1255 1984 ejus

163 1991 260 2058 Sarus
281 2001 313 2058 et
328 1993 475 2060 Ammius
498 2017 653 2081 germane
678 1994 798 2060 obitum
821 1994 1024 2074 vindicantes,
1052 1995 1253 2064 Hermanrici

161 2091 244 2159 latus
264 2092 346 2158 ferro
367 2095 544 2178 petierunt:
570 2118 630 2179 quo
646 2095 772 2159 vulnere
794 2094 925 2172 saucius,
941 2117 1058 2181 aegram
1074 2098 1171 2164 vitam
1187 2122 1252 2164 cor-

161 2193 245 2277 poris
270 2193 484 2259 imbecillitate
509 2195 675 2260 contraxit.
728 2194 829 2276 Quam
856 2193 1019 2260 adversam
1045 2194 1112 2282 ejus
1137 2199 1254 2264 valetu-

160 2291 264 2358 dinem
284 2302 414 2380 captaus
430 2295 570 2361 Balamir
583 2317 640 2360 rex
656 2293 856 2372 Hunnorum,
871 2295 902 2358 in
925 2295 1131 2381 Ostrogothus
1154 2300 1253 2365 movit

159 2394 372 2479 procinctum:
396 2417 416 2460 a
439 2419 569 2480 quorum
593 2395 741 2460 societate
757 2392 827 2480 jam
850 2393 1050 2480 Wesegotbae
1076 2397 1251 2476 discessere,

160 2517 254 2579 quam
269 2494 388 2561 dudum
403 2496 485 2561 iuter
507 2519 539 2562 se
555 2493 660 2582 juncti
683 2495 851 2560 habebant.
897 2493 986 2558 Inter
1008 2496 1075 2560 haec
1097 2497 1253 2564 Herman-

158 2596 239 2660 ricus
253 2602 319 2660 tam
331 2596 467 2662 vulneris
481 2597 629 2674 dolorem,
643 2617 736 2680 quam
749 2594 844 2659 etiam
859 2593 1048 2660 incursiones
1063 2595 1251 2664 Hunnorum

158 2718 221 2761 uon
251 2697 362 2776 ferens,
388 2697 574 2782 grandaevus
603 2705 635 2762 et
664 2697 774 2782 plenus
803 2695 934 2772 dierum,
962 2697 1252 2764 centesimcdecimo

155 2818 238 2861 anno
265 2797 341 2862 vitre
369 2819 433 2862 sua
460 2797 626 2863 defunctus
650 2804 709 2862 est.
760 2793 857 2881 Cujus
881 2796 991 2860 mortis
1017 2797 1136 2861 occasio
1163 2798 1250 2864 dedit

157 2895 284 2962 Hunnis
304 2897 473 2982 prevalere
494 2898 527 2962 in
549 2897 671 2963 Gothos
692 2897 769 2974 illos,
793 2917 870 2980 quos
898 2895 1078 2962 dixeramus
1108 2899 1251 2964 orientali

156 2998 249 3083 plaga
264 2997 382 3074 sedere,
399 3006 432 3062 et
449 2998 655 3084 Ostrogothus
669 2995 851 3082 nuncupari.

202 3099 403 3185 Wesegothae
418 3098 451 3162 id
466 3105 525 3174 est,
543 3098 596 3163 alii
613 3121 720 3163 eorum
734 3096 819 3174 socii,
843 3105 875 3160 et
896 3095 1017 3161 occidui
1034 3096 1091 3162 soli
1106 3097 1248 3176 cultores,

156 3207 242 3264 metu
271 3207 436 3285 parentum
471 3199 622 3278 exterriti,
654 3197 802 3283 quidnam
828 3195 867 3260 dc
896 3219 939 3276 se,
971 3205 1098 3282 propter
1122 3205 1248 3283 gentem

157 3298 346 3364 Hunnorum
363 3299 580 3376 deliberarent,
593 3299 816 3384 ambigebant:
844 3296 958 3381 diuque
974 3298 1157 3383 cogitantes
1178 3305 1248 3364 tan-

157 3399 229 3463 dem
257 3402 412 3465 communi
438 3400 552 3485 placito
584 3399 703 3485 legatos
733 3397 775 3462 ad
804 3396 990 3462 Romaniam
1024 3397 1174 3476 direxere,
1205 3399 1247 3463 ad

158 3499 326 3563 Valentem
367 3487 599 3584 Imperatorem,
632 3499 760 3564 fratrem
793 3497 1006 3562 Valentiniani
1045 3497 1247 3584 Imperatoris

155 3599 294 3675 senioris,
320 3607 356 3664 ut
374 3608 497 3685 partem
522 3599 661 3664 Thraciae
684 3600 749 3665 sive
768 3597 886 3663 Moesiae
912 3598 937 3663 si
963 3598 1024 3663 illis
1044 3599 1182 3664 traderet
1204 3599 1245 3663 ad

155 3700 329 3778 colendum,
345 3699 411 3788 ejus
426 3699 545 3785 legibus
558 3699 707 3780 viverent,
723 3695 849 3784 ejusque
861 3698 998 3784 imperiis
1012 3698 1227 3764 subderentur.

198 3799 293 3865 After
307 3800 382 3878 this,
399 3802 454 3866 the
469 3799 624 3864 narrative
639 3801 781 3864 becomes
796 3801 940 3884 properly
956 3799 1124 3878 historical‚
1140 3799 1247 3886 giving

157 3901 211 3966 the
228 3901 348 3989 history
361 3902 397 3968 of
414 3901 469 3967 the
484 3899 586 3966 Goths
600 3899 637 3964 of
655 3900 778 3966 Moesia.
