3158 5122
308 385 393 454 xxiv
586 395 662 448 rus
687 393 868 484 sennaar
894 395 942 450 or
966 395 1133 452 merrus.

340 711 357 794 ᾗ
390 732 432 774 Vl·
467 731 604 772 EXTRAGT
638 732 718 772 FROM
754 731 871 772 PAULUB
903 729 1052 773 ciaconus
1084 728 1127 768 DE
1149 725 1264 768 ossus
1285 725 1410 766 bouso·

765 819 952 862 sannanim.

359 964 449 1042 Paul,
466 966 521 1029 the
536 985 590 1028 son
609 962 645 1027 of
668 962 850 1027 Warnefrid
878 962 1018 1044 (Paulus
1040 963 1236 1048 Wamefridi
1253 963 1358 1048 filios,
1374 987 1411 1030 aa

314 1065 354 1128 he
367 1065 393 1129 is
408 1065 493 1129 often
510 1063 720 1149 designated),
738 1085 803 1126 was
817 1062 933 1127 deacon
949 1064 985 1126 of
1002 1062 1030 1126 F
1032 1063 1111 1135 riuli,
1126 1064 1189 1128 and
1201 1073 1362 1151 seoretary
1374 1079 1409 1129 to

315 1165 504 1243 Desiderius,
520 1164 574 1230 the
592 1165 652 1229 last
667 1163 746 1250 king
760 1163 795 1226 ol
808 1163 862 1227 the
878 1163 1062 1229 Lombards.
1107 1162 1154 1228 To
1172 1165 1226 1228 the
1239 1164 1409 1230 traditione

316 1264 378 1329 and
393 1266 514 1352 history
528 1265 566 1328 of
578 1265 668 1329 those
683 1285 877 1347 conquerors,
892 1263 940 1328 his
955 1263 1043 1328 work
1055 1263 1145 1328 bears
1159 1265 1213 1328 the
1227 1287 1313 1329 same
1328 1266 1408 1329 rela-

315 1365 393 1440 tion,
408 1367 509 1430 which
521 1365 591 1430 that
607 1365 643 1428 of
653 1363 676 1428 J
679 1363 832 1429 ornandas
843 1362 917 1428 does
927 1373 961 1429 to
972 1364 1061 1429 those
1072 1366 1108 1428 of
1119 1365 1172 1429 the
1185 1363 1410 1430 Ostro-Gotlrs.

814 1554 873 1594 nlla.
892 1555 912 1594 1.

363 1668 390 1730 Ι.
413 1665 672 1751 Septentrionalis
686 1663 788 1750 plaga,
805 1673 921 1749 quanto
937 1665 1037 1749 magis
1051 1665 1091 1728 ab
1106 1671 1185 1730 aestu
1201 1665 1273 1729 solis
1289 1673 1413 1731 remota

317 1775 377 1842 est,
393 1777 425 1831 et
440 1766 534 1830 nivali
548 1765 662 1858 frigore
684 1765 796 1849 gelida,
820 1773 909 1830 tauto
936 1765 1088 1830 salubrior
1110 1761 1289 1850 corporibus
1312 1767 1414 1830 homi·

318 1890 402 1942 num,
430 1875 462 1930 et
489 1864 696 1951 propagandis
728 1873 775 1929 est
810 1865 955 1951 gentibus
992 1865 1091 1951 magis
1128 1872 1294 1950 coaptata:
1331 1859 1413 1931 sicu't

319 1990 335 2030 e
348 1977 456 2030 contra
470 1965 571 2030 omnis
584 1965 756 2030 meridiana
768 1967 860 2051 regio,
875 1989 935 2050 quo
948 1965 1021 2030 solis
1034 1973 1081 2030 est
1094 1965 1206 2030 fervori
1219 1966 1359 2044 vicinior,
1375 1989 1412 2030 eo

318 2089 439 2151 semper
464 2066 579 2130 morbis
604 2065 754 2142 abundat,
778 2075 811 2131 et
833 2065 1002 2131 educandis
1022 2066 1125 2130 minus
1139 2073 1187 2130 est
1203 2075 1279 2152 apta
1294 2075 1413 2132 morta-

320 2167 410 2232 libus.
457 2165 552 2230 Unde
569 2167 606 2230 fit
620 2173 657 2230 ut
674 2173 772 2230 tautae
787 2166 970 2251 populorum
985 2165 1203 2231 multitudines
1224 2177 1333 2232 arctoo
1353 2167 1413 2232 sub

319 2289 380 2331 axe
410 2267 569 2331 oriantur:
601 2275 638 2330 ut
667 2289 728 2330 uon
761 2266 916 2331 immerito
944 2267 1087 2332 universa
1115 2265 1169 2330 illa
1198 2267 1282 2352 regio
1312 2268 1414 2332 Tanai

319 2377 421 2444 tenus,
440 2389 536 2451 nsque
552 2367 593 2431 ad
608 2366 781 2444 occiduum,
797 2367 870 2431 licet
887 2375 919 2431 et
943 2366 1074 2452 propriis
1090 2366 1159 2430 loca
1180 2366 1212 2430 iu
1233 2391 1271 2432 ea
1292 2368 1416 2454 singnis

320 2476 539 2552 nuncupentur
562 2466 748 2542 nominibus,
773 2467 909 2552 generali
934 2475 1039 2531 tamen
1067 2466 1217 2531 vocabolo
1245 2467 1416 2534 Germania

320 2569 496 2640 vocitatum
520 2567 661 2650 quamvis
678 2573 710 2630 et
728 2567 805 2632 duas
822 2567 906 2632 ultra
920 2567 1066 2631 Rhenum
1081 2566 1254 2652 provincias
1268 2567 1415 2649 Romani,

320 2691 392 2733 oum
407 2691 445 2733 ea
459 2668 526 2732 loca
541 2673 752 2752 occupassent,
766 2665 953 2752 superiorem
967 2666 1204 2751 inferioremque
1215 2667 1419 2734 Germaniam

321 2768 467 2834 dixerint.
513 2767 567 2832 Ab
585 2767 644 2832 hac
666 2789 739 2852 ergo
763 2767 912 2852 populosa
934 2765 1111 2846 Germania,
1134 2790 1218 2853 saepe
1239 2767 1417 2833 inunmera-

319 2869 398 2935 biles
423 2868 617 2953 captivorum
643 2875 756 2931 turmae
784 2867 938 2946 abducta,
963 2867 1143 2932 meridianis
1168 2868 1289 2954 populis
1313 2868 1417 2955 pretio

321 2968 547 3034 distrahuntur.
594 2967 706 3032 Multae
720 2990 842 3052 quoque
859 2989 899 3032 ex
914 2991 961 3044 ea,
978 2990 1034 3053 pro
1052 2967 1186 3053 eoquod
1207 2977 1313 3034 tantos
1333 2991 1419 3034 mor·

321 3069 431 3134 talium
446 3069 609 3153 germinat,
624 3076 757 3153 quantos
771 3069 852 3132 alere
866 3067 920 3132 rix
934 3066 1059 3144 sufficit,
1072 3089 1153 3155 sape
1164 3075 1275 3154 gentes
1287 3091 1418 3156 egressa

323 3177 405 3246 sunt,
420 3191 489 3252 qum
506 3167 705 3234 nihilominus
720 3181 751 3232 et
769 3175 873 3254 partes
888 3168 983 3246 Asiae,
1002 3167 1057 3232 sed
1078 3169 1214 3234 maxime
1237 3170 1295 3235 sibi
1316 3171 1418 3235 conti·

322 3290 417 3355 guam
448 3267 617 3353 Europam,
646 3267 834 3334 afflixemnt.
899 3269 1069 3334 Testantur
1094 3269 1154 3333 hoc
1180 3269 1295 3356 ubique
1322 3270 1418 3337 urbes

323 3377 429 3446 eruta,
444 3391 500 3453 per
514 3375 615 3432 totam
632 3367 794 3454 Illyricum
818 3367 1031 3452 Galliamque:
1059 3367 1114 3433 sed
1137 3370 1274 3436 maxime
1295 3371 1418 3436 misera

324 3469 436 3548 Italia,
452 3491 520 3553 qua
543 3490 621 3552 pone
643 3469 781 3534 omnium
802 3468 924 3533 illarum
947 3459 994 3534 est
1014 3468 1155 3553 gentium
1180 3477 1310 3555 experta
1331 3471 1419 3534 sari-

324 3570 412 3634 tiam.
468 3567 565 3632 Gothi
600 3567 761 3652 siquidem,
792 3568 1012 3654 wandalique,
1049 3567 1143 3656 Rugi,
1173 3569 1297 3646 Heruli,
1323 3577 1419 3654 atque

325 3667 504 3756 Turcilingi,
523 3689 580 3732 nec
602 3689 662 3732 non
685 3646 781 3734 etiaui
802 3669 871 3734 aliae
893 3669 1010 3735 feroces
1025 3677 1058 3734 et
1073 3669 1212 3734 barbara
1230 3673 1383 3748 nationes,
1399 3695 1418 3736 e

325 3769 494 3834 Germania
507 3767 697 3856 prodierunt.

371 3869 418 3935 Il.
441 3869 516 3935 Pari
548 3869 642 3934 ctiam
672 3870 765 3935 modo
791 3877 823 3934 et
846 3868 1048 3947 Winilorum,
1071 3869 1211 3946 honest,
1238 3871 1419 3956 Longobar·

326 3970 436 4035 dorum
451 3993 538 4058 gens,
556 3993 624 4055 quae
639 3979 748 4057 postea
762 3969 793 4034 in
811 3969 905 4034 ltalia
919 3969 1050 4034 feliciter
1071 3971 1223 4055 regnavit,
1247 3993 1267 4035 a
1289 3971 1419 4036 Germa-

326 4093 437 4136 norum
452 4071 574 4157 populis
587 4071 738 4158 originem
753 4069 877 4147 ducens,
893 4069 967 4134 licet
984 4078 1016 4134 et
1031 4069 1099 4134 aliae
1117 4093 1218 4136 causa
1235 4071 1420 4156 egressionis

325 4194 432 4236 eorum
449 4179 672 4250 asseverentur,
689 4171 730 4234 ab
744 4169 844 4236 insula
858 4193 926 4254 qua
942 4169 1150 4236 Scandiuavia
1170 4171 1285 4236 dicitur
1304 4171 1421 4237 adren-

327 4271 425 4337 tavit:
454 4269 541 4357 cujus
559 4271 654 4336 etiam
669 4270 788 4347 insulae,
803 4269 923 4336 Plinius
939 4269 1101 4336 Secundus
1115 4271 1146 4336 in
1161 4270 1257 4348 libris,
1276 4295 1354 4356 quos
1369 4272 1421 4337 De

327 4373 449 4438 Natura
459 4372 577 4437 Rerum
592 4371 775 4457 composuit,
787 4371 976 4436 mentionem
993 4370 1077 4436 facit.
1125 4370 1206 4437 Hac
1220 4395 1293 4458 argo
1307 4373 1420 4452 insula,
