3150 5136
324 448 374 494 xx
597 435 673 492 THE
695 433 878 490 GERMANY
903 433 951 489 01³
975 435 1143 491 uacuus.

328 595 410 662 unde
446 595 617 682 digressum
655 595 795 674 fecimus,
831 596 1005 675 redeamus,
1036 599 1263 682 doceamusque
1298 595 1432 680 quaudo

329 697 405 762 ordo
419 697 531 782 gentis,
547 695 630 761 unde
644 697 775 783 agimus,
791 719 898 764 cursus
912 697 960 762 sui
974 706 1092 764 metam
1107 696 1290 784 expleverit.
1325 696 1433 760 Abla-

331 798 400 863 vius
425 797 506 862 euim
527 797 692 862 historicus
714 796 819 877 relert,
835 799 908 882 quia
927 799 970 862 ibi
992 821 1083 884 super
1098 799 1230 864 limbum
1245 796 1357 873 Ponti,
1373 795 1434 860 ubi

333 919 386 962 eos
410 897 546 962 diximus
570 897 602 961 in
628 897 761 982 Scythia
783 919 989 974 commanere,
1012 921 1084 984 pars
1110 921 1226 974 comm,
1244 898 1299 982 qni
1323 896 1432 960 orienss

334 998 429 1062 talem
451 997 575 1083 plagam
594 999 754 1073 tenebant,
774 997 876 1082 cisque
900 1007 1031 1084 praeerat
1047 999 1240 1084 Ostrogotha
1255 998 1433 1080 (incertum

335 1107 440 1163 utrum
463 1098 503 1163 ab
518 1098 613 1184 ipsius
626 1098 761 1173 nomine,
777 1121 816 1162 an
833 1099 933 1162 aloco
948 1099 1106 1184 orientali)
1126 1098 1203 1163 dicti
1219 1105 1294 1164 sunt
1318 1096 1434 1162 Ostro-

335 1199 452 1284 gotha»,
469 1198 584 1263 residui
598 1221 671 1264 vero
690 1197 891 1285 Wesegothae
905 1199 938 1262 iu
952 1207 1042 1285 parte
1056 1199 1196 1264 occidua.
1241 1197 1286 1262 Et
1301 1197 1435 1281 quidem

330 1298 399 1384 jam
414 1300 559 1374 diximus,
575 1322 627 1366 eos
641 1297 772 1363 transito
788 1298 934 1363 Danubio
956 1299 1149 1384 aliquantum
1172 1298 1323 1384 temporie
1345 1297 1435 1383 apud

340 1399 493 1477 Moesiam,
510 1399 739 1484 Thraciamque
753 1398 876 1464 vixisse.

528 1493 551 1534 s
703 1493 725 1535 s
877 1493 900 1535 a
1052 1493 1075 1534 s
1226 1493 1249 1534 s

382 1599 437 1664 Ab
461 1599 534 1663 hinc
559 1621 641 1684 ergo,
657 1605 693 1663 ut
717 1597 905 1676 dicebamus,
924 1607 994 1684 post
1015 1600 1140 1685 longam
1163 1597 1358 1664 obsidionem
1381 1620 1435 1661 ac-

238 1780 246 1795 ·
339 1707 430 1785 cepto
444 1699 571 1785 praemio
586 1698 705 1764 ditatus
720 1697 812 1776 Geta,
827 1700 953 1764 recessit
968 1699 1009 1764 ad
1026 1701 1170 1786 patriam.
1216 1700 1316 1781 Quem
1335 1697 1437 1783 Gepi-

341 1800 451 1864 darum
485 1821 613 1864 cerneus
645 1797 732 1863 natio
767 1798 871 1864 subito
898 1800 1012 1884 ubique
1041 1800 1226 1877 vincentem,
1258 1798 1438 1884 praedieque

339 1899 485 1976 ditatum,
500 1898 619 1964 invidia
632 1897 753 1976 ductus,
769 1921 857 1964 arma
878 1900 911 1964 in
934 1907 1078 1986 parentes
1101 1908 1216 1964 movet.
1267 1899 1438 1980 Quomodo

339 2022 413 2064 vero
439 1998 528 2063 Getae
554 1997 743 2085 (lepidaeque
766 1999 828 2064 sint
851 2009 994 2085 parentes
1016 2001 1042 2065 si
1064 2001 1187 2084 quaeris,
1206 1999 1315 2084 paucis
1330 1999 1438 2062 absol-

340 2121 422 2164 vam.
476 2099 656 2165 Meminisse
674 2099 776 2178 debes,
794 2121 844 2164 me
859 2100 948 2165 initio
964 2100 1002 2164 dc
1027 2099 1165 2164 Scanziae
1186 2099 1292 2165 inmlae
1314 2100 1439 2185 gremio

342 2199 464 2265 Gothos
487 2200 601 2266 dixisse
627 2221 764 2285 egressos
787 2222 858 2264 cum
882 2199 995 2265 Berich
1018 2222 1074 2264 suo
1094 2223 1175 2284 rege,
1191 2199 1291 2265 tribus
1307 2207 1438 2263 tantum

341 2299 473 2366 navibus
487 2307 592 2365 vectos
607 2299 647 2364 ad
662 2300 814 2365 citerioris
828 2300 944 2365 Oceani
959 2299 1058 2386 ripam
1072 2326 1081 2374 ;
1104 2322 1234 2384 quarum
1254 2300 1352 2366 trium
1372 2323 1438 2364 uua

341 2401 439 2480 navis,
467 2409 503 2465 ut
526 2401 647 2478 assolet,
671 2400 791 2466 tardius
814 2409 912 2478 vecta,
935 2423 1047 2465 nomen
1069 2401 1156 2485 genti
1173 2400 1271 2464 fertur
1285 2399 1434 2472 dedissc;

342 2523 415 2566 nam
438 2500 544 2585 lingua
569 2523 676 2566 eorum
697 2500 786 2586 pigra
813 2501 951 2586 chaoto
967 2499 1091 2564 dicitur.
1136 2500 1222 2565 Hinc
1237 2499 1357 2565 factum
1377 2509 1436 2576 est,
1556 2506 1557 2579 l

343 2610 379 2666 ut
410 2601 572 2687 paullatim
596 2609 628 2666 ct
656 2608 799 2685 corrupte
827 2622 938 2665 nomen
965 2601 1009 2665 eis
1027 2623 1068 2664 ex
1087 2599 1222 2665 convitio
1240 2609 1436 2664 nasceretur.

344 2701 473 2786 Gepidae
487 2723 621 2785 namque
635 2701 699 2766 sine
715 2699 809 2765 dubio
823 2723 862 2764 ex
878 2699 1053 2766 Gothorum
1068 2699 1211 2786 prosapia
1232 2699 1351 2764 ducunt
1375 2701 1438 2764 ori·

342 2802 464 2889 ginem:
490 2801 545 2866 sed
560 2801 641 2884 quia,
657 2807 693 2864 ut
708 2799 783 2877 dixi,
799 2799 943 2885 Gepanta
964 2801 1086 2886 pigrum
1108 2799 1225 2884 aliquid
1246 2800 1438 2884 tardumque

342 2903 454 2988 signat,
478 2924 535 2987 pro
558 2899 695 2986 gratuito
716 2899 849 2964 convitio
874 2899 1065 2986 Gepidarum
1087 2922 1199 2964 nomen
1214 2907 1358 2965 exortum
1377 2910 1438 2972 est,

344 3001 426 3086 quod
450 3023 507 3066 nec
531 3001 653 3087 ipsum;
693 2999 784 3064 credo
810 3000 1018 3068 falsissimum.
1071 2999 1153 3065 Sunt
1178 3001 1260 3065 onim
1287 3000 1439 3065 tardioris

343 3101 466 3187 ingenii,
482 3102 637 3186 graviores
650 3122 812 3185 corporum
827 3101 1002 3192 velocitate.
1047 3100 1093 3165 Hi
1109 3123 1182 3186 ergo
1206 3099 1335 3186 Gepida
1356 3101 1438 3165 tacti

344 3200 470 3280 invidia,
502 3200 619 3266 dudum
651 3207 757 3285 spreta
787 3201 955 3285 provincia,
987 3201 1226 3266 commanebant
1262 3201 1295 3265 in
1333 3201 1438 3266 insule

345 3299 460 3366 Visclae
488 3301 588 3365 amnis
612 3299 700 3366 vadis
727 3300 924 3379 circumacta,
954 3323 1048 3384 quam
1067 3323 1130 3386 pro
1162 3301 1263 3386 patrio
1294 3323 1439 3366 sermone

267 3401 268 3404 ’
345 3400 489 3466 dicebaut
505 3399 653 3484 Gepidos.
698 3399 789 3464 Nunc
810 3423 890 3478 eam,
906 3409 942 3465 ut
963 3401 1073 3478 fertur,
1095 3401 1228 3466 insulam
1252 3423 1332 3487 gens
1345 3399 1440 3465 Viri-

345 3501 433 3566 daria
454 3499 569 3578 incolit,
593 3499 666 3584 ipsis
687 3499 728 3563 ed
750 3499 892 3566 meliores
912 3507 1012 3565 terras
1036 3501 1221 3567 meantibus.
1266 3502 1327 3584 Qui
1346 3499 1438 3567 Vivi-

345 3601 424 3666 darii
440 3623 479 3665 ex
497 3600 626 3665 diversis
640 3599 817 3666 nationibus
831 3602 894 3666 acsi
910 3600 941 3665 in
955 3623 1053 3666 unum
1067 3601 1190 3688 asylum
1209 3601 1330 3668 collecti
1352 3610 1436 3677 sunt,

345 3709 377 3767 et
389 3709 515 3788 gentem
530 3699 637 3766 fecisse
652 3709 831 3766 noscuntur.

528 3797 550 3838 a
703 3794 726 3835 se
879 3796 901 3836 a
1055 3797 1076 3837 u
1229 3797 1251 3837 a

286 3987 291 3994 Ι
388 3901 562 3967 Gothorum
592 3923 664 3986 rege
690 3900 844 3964 Geberich
871 3901 963 3966 rebus
992 3901 1162 3966 excedente
1186 3902 1342 3977 humanis,
1365 3913 1436 3988 post

243 3994 249 4010 '
345 3995 493 4086 te'mporis
523 4000 646 4087 aliquod
681 3999 905 4066 Hermanricus
935 4001 1142 4067 nobilissimus
1173 4001 1369 4078 Amalorum,
1406 4004 1437 4066 in

346 4123 440 4187 regno
462 4102 628 4167 successit:
653 4101 705 4184 qui
722 4102 838 4166 multas
859 4109 892 4164 et
914 4100 1160 4168 bellicosissimas
1182 4110 1304 4167 arctoas
1327 4112 1439 4189 gentes

347 4202 532 4287 perdomuit,
549 4202 671 4285 suisque
687 4224 793 4286 parcre
819 4201 938 4286 legibus
962 4201 1046 4266 fecit.
1098 4203 1197 4284 Quem
1224 4203 1335 4267 merito
1360 4225 1439 4266 nou-

345 4301 421 4368 nulli
435 4301 617 4366 Alexandro
633 4300 752 4387 Magno
767 4323 981 4386 comparavere
996 4299 1137 4387 majores.
1183 4300 1333 4367 Habebat
1345 4303 1440 4386 siqui-

347 4402 418 4467 dem
446 4425 523 4487 qucs
551 4402 723 4480 domuerat,
752 4401 886 4480 Gothos,
917 4400 1062 4487 Scythas,
1094 4401 1244 4479 Tbuidos,
1275 4401 1439 4478 Inaunxis,
