3150 5136
573 469 853 528 nrrnnoounus.
1186 458 1260 528 xvii

37 603 42 610 .
164 633 274 701 Oresio
284 635 386 700 Paulo
402 635 555 718 dicente);
574 633 625 698 hic
642 633 705 699 Dio
720 655 825 720 regem
842 633 902 712 illis
918 641 989 717 poet
1004 641 1146 717 tempora
1157 633 1258 698 multa

163 745 395 814 commemorat,
422 735 546 800 nomine
575 735 756 820 Telephum.
813 733 862 798 Ne
885 755 958 799 vero
985 733 1054 817 quis
1083 732 1168 798 dicat
1196 733 1257 798 hoc

163 858 276 900 nomen
300 859 320 901 a
344 837 450 922 lingua
476 833 610 900 Gothico
637 835 761 900 omnino
783 833 978 920 peregrinum
1006 855 1081 911 ease,
1099 856 1190 898 nemo
1208 839 1256 900 est

162 936 216 1020 qui
230 937 348 1002 nesciat
362 935 580 1013 animadverti,
595 958 653 1000 usu
668 935 814 1021 pleraque
830 935 957 1000 nomina
972 942 1083 1020 gentes
1097 933 1254 1019 amplecti,

161 1044 199 1102 ut
225 1035 359 1102 Romani
386 1036 606 1113 Macedonum,
631 1035 733 1100 Graeci
755 1035 976 1112 Romancmm,
1001 1034 1154 1100 Sarmata
1176 1033 1256 1098 Ger·

163 1158 335 1226 manorum,
360 1137 456 1202 Gothi
482 1137 663 1222 plerumque
687 1143 872 1201 mutuantur
889 1133 1088 1200 Hunnorum.
1134 1135 1167 1200 Is
1181 1155 1254 1220 ergo

165 1235 320 1322 Telephus
342 1237 488 1302 Herculis
510 1231 602 1313 filius,
625 1244 718 1301 natus
740 1259 780 1301 ex
803 1235 897 1320 Ange
916 1257 1021 1300 sorore
1037 1235 1164 1314 Priami,
1182 1257 1254 1298 con·

158 1333 248 1422 jngio
275 1339 446 1423 copulatus,
474 1359 618 1423 procerus
645 1335 770 1421 quidem
795 1357 932 1420 corpore,
961 1335 1017 1400 sed
1047 1336 1117 1421 plue
1148 1335 1253 1420 vigore

162 1436 316 1516 terribilis,
343 1446 505 1523 paternam
530 1436 744 1502 fortitudinem
768 1435 899 1523 propriis
923 1435 1092 1501 virtutibus
1117 1457 1252 1520 aeqnana,

163 1534 309 1603 Herculis
324 1539 416 1623 genio
432 1537 540 1602 forma
555 1560 675 1622 quoque
692 1536 925 1602 similitudinem
939 1535 1102 1601 referebat.
1147 1533 1254 1620 Hujus

160 1635 265 1721 itaque
282 1660 412 1723 regnum
431 1637 575 1703 Moesiam
588 1637 782 1723 appellavere
802 1633 943 1723 majores.
995 1637 1072 1718 Qua
1096 1635 1254 1722 provincia

161 1737 202 1802 ab
227 1737 346 1802 oriente
362 1737 443 1802 ostia
466 1735 600 1808 fluminis
617 1734 765 1815 Danubii,
783 1760 803 1801 a
818 1736 947 1802 meridie
963 1736 1193 1816 Macedoniam,
1211 1735 1253 1801 ab

161 1859 273 1902 occasu
297 1836 461 1915 Histriam,
486 1859 506 1902 a
530 1837 740 1923 septentrione
764 1837 945 1904 Danubium
970 1837 1077 1903 habet.
1122 1836 1155 1902 Is
1180 1857 1253 1923 ergo

160 1936 318 2002 antefatus
340 1937 450 2002 habuit
471 1936 586 2002 bellum
611 1959 682 2002 cum
705 1936 834 2012 Danais,
857 1937 890 2002 in
906 1959 968 2022 qua
981 1960 1086 2023 pugna
1101 1937 1254 2004 Thessan-

163 2035 254 2100 drum
282 2036 393 2101 ducem
421 2036 550 2102 Gracia
577 2036 756 2112 interemit3
794 2045 827 2102 et
856 2037 931 2102 dnm
959 2035 1093 2123 Ajacem
1123 2038 1253 2105 inlectus

161 2134 292 2214 invadit,
314 2135 523 2222 Ulyeeemque
548 2137 749 2222 persequitur,
778 2159 856 2221 equo
882 2136 1022 2214 cadente,
1045 2137 1111 2223 ipse
1125 2139 1252 2216 corruit,

162 2234 355 2320 Achillisque
377 2233 484 2322 jaculo
515 2238 630 2302 femore
661 2236 829 2310 sauciatus,
861 2236 915 2302 diu
946 2237 1063 2303 mederi
1092 2239 1251 2323 nequivit:

163 2334 288 2402 Graecos
303 2345 418 2413 maren,
431 2333 648 2423 quamvisjam
663 2336 794 2413 saucius,
808 2360 825 2400 e
840 2337 904 2402 suia
917 2335 1030 2404 linibus
1046 2338 1252 2423 proturbavit.

162 2435 299 2521 'Pelepho
314 2459 387 2502 vero
409 2436 565 2516 defuncto,
589 2437 761 2524 Eurypilus
783 2435 863 2503 lilius
884 2437 1031 2503 successit
1044 2437 1077 2501 in
1091 2459 1195 2522 regno,
1212 2459 1253 2503 ex

162 2535 281 2601 Priami
306 2536 470 2624 Phrygum
490 2538 571 2624 regis
595 2558 744 2624 germana
758 2537 945 2623 progenitus.
991 2537 1053 2619 Qui
1067 2537 1108 2601 ob
1122 2537 1254 2604 (lassan-

160 2634 224 2700 drae
239 2659 377 2702 amorem
394 2637 474 2703 bello
489 2637 636 2704 interesse
659 2635 805 2723 Trojano,
828 2659 865 2702 ac
887 2637 1067 2723 parentibus
1088 2659 1253 2722 soceroque

159 2736 239 2801 ferre
253 2737 404 2802 auxilium
419 2729 555 2823 cupieha,
570 2761 645 2803 mcx
659 2745 696 2803 nt
712 2738 798 2802 venit
815 2737 972 2803 extinctus
988 2746 1048 2804 est.

205 2835 307 2923 (lyras
338 2860 394 2903 rex
424 2837 591 2904 Persarum
625 2846 695 2923 post
725 2838 843 2924 grande
871 2839 1078 2918 intervallum,
1109 2846 1142 2904 et
1172 2861 1251 2925 pene

158 2948 229 3022 post
252 2946 469 3003 sexcentorum
492 2938 622 3024 triginta
646 2961 799 3003 annomm
814 2947 964 3024 tempora,
980 2938 1131 3024 Pompeio
1148 2939 1252 3025 Trogo

162 3045 306 3116 testante,
323 3039 475 3104 Getarum
490 3039 603 3124 regina
620 3037 746 3116 Tamiri,
764 3039 821 3104 sibi
839 3038 975 3116 exitiale,
998 3039 1103 3104 intulit
1124 3039 1251 3106 bellum.

161 3137 221 3218 Qui
244 3139 344 3205 elatus
366 3163 405 3204 ex
423 3139 510 3204 Asiae
533 3139 671 3217 victoria,
690 3138 788 3204 Getae
803 3138 914 3203 nititur
928 3137 1112 3225 subjugare3
1136 3139 1169 3204 in
1185 3141 1253 3225 qui-

160 3236 219 3302 bus
243 3239 294 3321 (ut
317 3238 468 3322 diximus)
494 3246 678 3325 regnaverat
701 3237 845 3304 Tamiris.
891 3239 967 3321 Qua
990 3261 1062 3304 cnm
1084 3241 1125 3305 ab
1140 3240 1250 3306 Araxe

160 3359 252 3401 amne
273 3337 348 3425 Gyri
373 3362 477 3404 arcere
498 3341 650 3425 potuisset
665 3362 816 3414 accessus,
833 3339 963 3405 transire
979 3349 1084 3404 tamen
1099 3341 1249 3426 permisit,

160 3437 276 3522 eligens
289 3439 383 3503 armis
398 3462 469 3504 eum
483 3441 615 3514 vincere,
629 3463 722 3524 quam
736 3441 873 3504 locorum
889 3437 1036 3506 beneficio
1050 3441 1246 3506 submovere:

158 3536 242 3621 quod
256 3545 289 3603 et
305 3537 423 3602 factum
440 3548 497 3604 est.
542 3539 586 3604 Et
603 3541 745 3604 veniente
768 3540 861 3627 Oyro,
886 3539 987 3626 prima
1009 3541 1101 3606 cessit
1125 3541 1251 3607 fortuna

160 3637 287 3703 Parthis
311 3645 412 3715 tauta,
428 3647 466 3704 ut
492 3647 524 3704 et
549 3638 646 3705 filium
668 3639 812 3715 Tambia,
835 3647 867 3705 et
890 3641 1057 3727 plurimum
1077 3643 1251 3706 exercitum

160 3737 361 3806 trucidarent.
413 3737 476 3803 Sed
503 3739 615 3804 iterato
641 3740 756 3820 Marte,
782 3740 871 3805 Geta
891 3763 963 3806 cum
977 3763 1034 3807 sna
1048 3741 1155 3827 regina
1170 3741 1252 3807 Par-

160 3838 231 3903 thos
246 3837 384 3905 devictos
399 3849 546 3925 superant
561 3847 655 3923 atque
669 3847 880 3925 prosternunt,
895 3842 1090 3928 opimamque
1113 3842 1251 3927 praedam

161 3937 200 4001 de
224 3938 268 4003 eis
289 3939 452 4007 auferunt:
479 3939 582 4024 ibique
598 3939 732 4025 primum
747 3940 921 4006 Gothorum
938 3963 1015 4026 gens
1029 3942 1127 4007 serica
1141 3943 1250 4008 vident

161 4039 304 4104 tentoria
361 4038 449 4106 Tunc
480 4041 613 4106 Tamirie
649 4040 757 4126 regina
792 4049 886 4106 nacta
924 4041 1065 4120 victoria,
1101 4051 1250 4128 tantaque
1290 4035 1298 4054 ⁸

160 4136 266 4223 prada
289 4138 327 4203 de
351 4139 483 4206 inimicis
506 4141 616 4226 potita,
643 4141 675 4206 in
699 4149 821 4226 partem
847 4142 966 4208 Moeeiae
994 4143 1080 4228 (qua
1105 4165 1187 4208 nuno
1211 4166 1252 4208 ex

160 4259 273 4322 magna
289 4238 420 4325 Scythia
436 4263 547 4305 nomen
565 4249 718 4319 mutuata,
733 4241 834 4306 minor
854 4239 986 4328 Scythia
1009 4250 1056 4308 est
1078 4243 1250 4328 appellata)

160 4339 322 4417 transiens,
346 4339 389 4403 ibi
413 4340 445 4404 in
470 4351 565 4426 ponte
592 4344 710 4407 Moesiae
734 4343 856 4415 colitur,
881 4351 913 4407 et
936 4341 1069 4408 Tamiris
1091 4343 1251 4408 civitatem

159 4461 214 4504 auc
243 4440 282 4505 de
309 4441 431 4506 nomine
459 4441 634 4507 aedilicavit.
696 4443 817 4506 Dehinc
841 4441 957 4508 Darius
986 4466 1041 4507 rex
1075 4442 1251 4520 Persarum,

1092 4567 1108 4604 l’
