3088 5080
270 323 403 394 cxxviii
544 337 622 394 nnn
647 337 829 394 onuueur
855 335 904 393 or
928 337 1095 394 neonus

271 501 468 566 Germanica
491 497 636 564 amolunt
665 505 775 584 gentes
798 497 883 562 haud
907 497 1085 590 explicabili
1108 521 1277 565 mensura:
1306 509 1376 566 tam

269 599 439 666 immodica
454 599 651 685 prodentium
667 597 824 663 discordia
840 605 899 664 est.
950 598 1054 664 Graeci
1069 608 1101 666 et
1116 600 1243 684 quidam
1259 602 1373 678 nostri,

271 701 367 766 vicies
381 699 543 784 quinquies
564 707 697 764 centena
718 697 817 762 millia
842 721 988 784 passuum
1010 722 1098 764 oram
1114 699 1291 766 Germaniae
1308 709 1375 766 tra·

272 800 431 866 diderunt.
498 799 641 886 Agrippa
670 821 742 863 cum
775 798 901 863 Rhatiu
931 807 965 866 et
995 799 1111 865 Norico
1141 799 1372 885 longitudinem

273 923 465 966 neuxxxxvr.
487 900 586 966 millia
606 921 765 985 passuum,
782 899 983 964 latitudinem
997 923 1124 966 exnvru.
1170 901 1219 966 M.
1235 901 1372 966 Rhaetiae

274 1023 370 1088 prope
401 1001 493 1066 unius
522 998 640 1087 majore
670 997 848 1076 latitudine,
876 1021 951 1064 sane
988 999 1071 1066 eirea
1106 1023 1268 1066 excemum
1301 1003 1371 1086 ejus

272 1101 422 1168 subacta.
478 1100 561 1166 Nam
596 1099 767 1165 Germania
793 1098 902 1164 multis
931 1109 1040 1185 postea
1070 1100 1167 1178 aunis,
1199 1123 1257 1166 nec
1289 1111 1369 1180 tota,

272 1201 454 1288 percognita
470 1209 529 1268 est.
576 1199 611 1266 Si
626 1198 800 1287 conjectare
824 1200 1029 1286 permittitur,
1044 1201 1129 1266 haud
1151 1201 1286 1266 multum
1305 1226 1370 1267 orre

271 1301 371 1368 deerit
387 1301 569 1368 Graeoumm
584 1300 739 1388 opinione,
756 1309 789 1365 et
804 1299 992 1386 longitudini
1009 1301 1050 1366 ab
1066 1301 1210 1388 Agrippa
1224 1302 1368 1386 prodita„

271 1401 500 1468 Germanorum
530 1423 646 1489 genera
670 1401 826 1486 quinque:
863 1399 1005 1476 Vindili;
1031 1424 1161 1486 quorum
1190 1424 1262 1487 pars
1286 1403 1370 1467 Rur-

268 1503 462 1590 gundiones:
487 1501 610 1580 Varini,
631 1500 754 1579 Carini,
768 1500 937 1567 Guttones.
982 1499 1129 1567 Alterum
1143 1525 1251 1588 genus,
1266 1497 1370 1588 Ingre-

270 1625 388 1678 voues;
413 1625 544 1688 quorum
568 1625 640 1689 pars
661 1601 790 1680 Cimbri,
807 1601 953 1680 Teutoni,
975 1624 1013 1666 ac
1030 1602 1225 1668 Chaucorum
1247 1611 1369 1688 gentes.

271 1701 414 1768 Proximi
428 1711 535 1768 autem
551 1702 662 1768 Rheno
680 1701 872 1775 Istaevoues3
897 1724 1029 1788 quorum
1043 1725 1115 1788 pars
1130 1702 1247 1769 Cimbri
1268 1703 1368 1770 medi-

270 1802 426 1868 terranei:
462 1801 672 1878 Hermiones;
698 1825 830 1887 quorum
859 1803 965 1880 Suevi,
992 1800 1218 1880 Hermunduri,
1245 1803 1365 1878 Chatti,

270 1901 429 1970 Cherusci.
475 1903 594 1985 Quinta
618 1925 691 1990 pars
715 1903 858 1982 Peucini,
883 1903 1054 1980 Basternae,
1071 1902 1260 1988 supradietis
1293 1925 1367 1968 oon·

270 2002 397 2068 termini
412 2003 518 2070 Dacis.
569 2004 691 2070 Amnes
713 2003 788 2069 clari
810 2003 842 2068 in
859 2003 1019 2070 Oceanum
1035 2001 1186 2080 defluunt,
1202 2001 1365 2082 Guttalus,

271 2101 418 2170 Vistillus
450 2103 515 2169 sive
547 2103 685 2182 Vistula,
715 2104 818 2182 Albis,
849 2105 1004 2191 Visurgis,
1043 2103 1193 2182 Amisius,
1223 2103 1367 2181 Rhenus,

272 2201 375 2270 Mosa.
427 2203 586 2270 Introrsus
607 2225 693 2282 vero,
711 2205 798 2270 nullo
822 2204 951 2272 inferius
967 2204 1143 2281 nobilitate,
1166 2203 1368 2290 Hercynium

263 2301 378 2392 jugum
392 2303 606 2390 pretenditur.

314 2404 459 2470 XXIX.
486 2404 525 2470 In
551 2404 663 2470 Rheno
690 2405 766 2491 ipso,
792 2427 888 2492 prope
910 2413 1037 2470 eentum
1056 2427 1092 2470 rr.
1107 2425 1189 2490 pm.
1213 2403 1246 2468 in
1265 2403 1368 2490 longi·

270 2505 422 2584 tudinem,
438 2504 630 2570 nobilissima
644 2505 837 2570 Batavorum
861 2505 971 2585 insula,
995 2514 1028 2569 et
1044 2503 1304 2570 Cauuenit'atum:
1334 2516 1369 2571 et

268 2605 336 2671 elim
363 2604 544 2682 Frisiorum,
568 2604 773 2684 Chaucorum,
797 2603 1029 2682 Fnhioboaum,
1052 2605 1240 2680 Stariorum,
1269 2607 1369 2670 Mar·

269 2706 431 2784 mium,
462 2728 530 2790 quae
560 2713 740 2772 sternuntur
768 2706 850 2772 inter
882 2706 1013 2772 Helium
1043 2727 1081 2769 ac
1114 2704 1258 2770 Flevum.
1311 2703 1369 2771 lta

270 2805 467 2892 appellantur
488 2805 626 2882 ostia,in
648 2829 717 2891 quse
739 2805 854 2872 effusus
870 2805 1007 2884 Rhenus,
1026 2805 1067 2870 ab
1088 2806 1310 2891 septemtrione
1336 2807 1369 2871 in

269 2905 365 2980 lacau
380 2905 421 2970 ab
435 2905 595 2971 occidente
610 2905 642 2971 in
659 2929 783 2972 amnem
800 2907 926 2972 Mosam
941 2929 973 2972 se
988 2905 1125 2991 spargit:
1152 2905 1255 2970 medio
1281 2905 1370 2971 inter

270 3003 337 3070 haee
349 3027 414 3082 ore,
429 3005 586 3070 modicum
604 3007 721 3072 nomini
736 3031 792 3073 suo
806 3007 984 3072 custodiens
997 3007 1129 3071 alveum.

314 3103 382 3172 The
398 3113 477 3172 next
491 3106 605 3172 author
621 3107 652 3172 iu
669 3108 757 3194 point
772 3107 895 3173 ultime
911 3106 937 3174 is
955 3106 1084 3172 Tacitus
1100 3105 1233 3174 himself.
