3088 5080
591 442 879 499 τοοιιοοιιεωι.
1158 433 1270 501 cxxiii

173 595 335 684 Ἀρμενίου
359 600 416 666 καὶ
442 597 478 680 ἐξ
502 597 608 685 όρχῆς
632 597 747 678 διέστη
766 598 850 687 πρὸς
865 599 925 680 τὴν
939 599 1071 682 ιγνώμην
1086 602 1197 676 αὐτοῦ,
1214 602 1271 668 καί

173 698 293 777 λαβὼν
332 700 446 787 καιρόν
469 700 691 784 ηὐτομόλησε,
719 701 775 768 καί
805 707 852 790 τῷ
873 699 1026 790 θριάμόιρ
1062 709 1172 792 παρῆν
1206 708 1273 771 τῶν

175 801 357 885 φιλτάτων,
374 803 408 869 ἐν
428 808 506 889 τιμῇ
530 802 709 887 όηόμενος·
737 804 930 889 ἐπόμπευσε
949 805 1060 872 δὲκαὶ
1082 805 1189 888 Λίβης
1206 811 1272 874 τῶν

174 904 313 969 Χάττων
337 903 449 992 ἱερεύς,
476 905 532 972 καὶ
558 906 651 973 ἄλλο
681 905 717 972 δὲ
747 908 889 991 σώματα
918 908 1112 992 ἐπομπεύθη
1139 911 1177 974 ἐκ
1205 913 1272 978 τῶν

175 1006 435 1095 πεπορθημένων
444 1008 554 1085 ἐθνῶν,
572 1009 792 1077 Κοθύλκων
806 1010 863 1077 καί
877 1010 904 1076 Ἀ
910 1012 1095 1100 μψόνων,
1109 1013 1267 1097 Βρουκτέ-

174 1136 250 1196 ρων,
269 1113 493 1188 Νουσίπων,
508 1113 720 1200 Χηρούσκων,
743 1114 890 1188 Χάττων,
907 1114 1153 1204 Χαττουαρίων,
1175 1123 1269 1182 Λαν-

175 1213 259 1290 δῶν,
282 1217 547 1296 Σουβοττίων.
594 1217 710 1306 Διέχει
734 1217 770 1283 δὲ
795 1221 855 1283 τοῦ
872 1217 1038 1297 Ἄλβιοςό
1058 1219 1169 1301 Ῥῆνος
1192 1219 1271 1305 περὶ

175 1316 388 1405 τρισχιλίους
404 1315 569 1394 σταδίους,
594 1318 690 1388 εἴτις
715 1315 963 1406 εύθυπορούσας
990 1317 1062 1407 ἔχει
1083 1321 1144 1389 τὰς
1166 1316 1272 1391 ὁδούς·

175 1420 242 1487 νυνί
265 1421 301 1486 δέ
324 1419 379 1486 διὰ
402 1424 543 1492 σκολιᾶς
566 1420 622 1486 καὶ
645 1419 799 1501 ἑλώδους,
822 1419 879 1486 καὶ
894 1421 1034 1509 δρυμῶν,
1051 1426 1273 1510 κυκλοπορεῖν

174 1524 310 1606 ἀνάγκη.

217 1628 256 1694 ‘0
273 1627 490 1718 δὲἝρκύνιος
515 1626 635 1717 δρυμὸς
661 1626 860 1713 πυκνότερός
886 1654 923 1694 τε
947 1626 1030 1702 ἐστὶ,
1047 1625 1103 1692 καὶ
1125 1629 1269 1711 μεγαλό-

176 1730 306 1819 δενδρος
329 1732 363 1796 ἐν
387 1733 524 1820 χωρίοις
546 1732 704 1820 ἐρυμνοῖς,
731 1730 855 1796 κύκλον
877 1729 1134 1819 περιλαμόάνων
1154 1730 1270 1815 μέγαν·

177 1839 212 1902 ἐν
225 1835 317 1921 μέσῳ
334 1833 369 1900 δέ
385 1834 513 1918 ἵδρυται
528 1835 624 1922 χώρα
639 1837 751 1905 καλῶς
766 1833 935 1900 οἰκεῖσθαι
958 1833 1128 1916 δυναμένη,
1140 1833 1219 1921 περὶ
1233 1835 1272 1917 ἧς

177 1939 360 2026 εἰρήκαμεν.
400 1936 499 2002 Ἔστι
516 1935 550 2001 δὲ
572 1936 719 2014 πλησίον
741 1937 841 2019 αὐτῆς
864 1937 885 2020 ἥ
902 1963 938 2003 τε
953 1940 1012 2003 τοῦ
1022 1935 1157 2025 Ἴστρου
1170 1939 1272 2022 πηγὴ,

178 2040 233 2105 καί
249 2042 269 2120 ἡ
285 2044 344 2105 τοῦ
356 2038 480 2120 Ῥήνου,
497 2041 553 2106 καὶ
573 2043 592 2122 ἡ
616 2042 743 2125 μεταξύ
758 2042 885 2126 ἀμφοῖν
898 2042 1010 2125 λίμνη,
1027 2041 1138 2109 καὶτὰ
1153 2044 1215 2125 ἕλη
1230 2045 1274 2111 τό

178 2145 215 2208 ἐκ
239 2143 423 2223 τοῦῬήνου
446 2141 653 2232 διαχεόμενα.
697 2143 796 2210 Ἔστι
819 2143 846 2210 δ’
862 2146 882 2226 ἦ
906 2144 1008 2229 λίμνη
1024 2146 1083 2226 τὴν
1105 2147 1166 2230 μὲν
1181 2148 1273 2236 περί-

176 2273 298 2334 μετρον
312 2245 458 2313 σταδίων
471 2245 637 2312 πλειόνων
650 2246 671 2329 ἢ
686 2247 726 2322 τ’,
743 2246 866 2332 δίαρμα
877 2246 913 2312 δὲ
929 2248 1026 2331 εἠιγύς
1041 2247 1084 2314 α’.
1124 2249 1222 2339 Ἔχει
1238 2250 1274 2316 δέ

177 2350 233 2416 καὶ
260 2355 367 2432 νῆσον,
383 2347 404 2434 ᾖ
420 2349 589 2439 ἐχρήσατο
612 2349 802 2436 ὁρμητηρίῳ
823 2349 972 2437 Τιέέριος
995 2357 1175 2440 ναυμαχῶν
1190 2354 1274 2440 πρὸς

177 2452 418 2524 Ούῑνδελικούς.
449 2453 641 2540 Νοτιωτέρα
657 2451 684 2518 δ’
702 2451 775 2518 ἐστὶ
789 2456 855 2518 τῶν
869 2452 1070 2540 τούἼστρου
1087 2459 1202 2538 πηηῶν
1218 2458 1274 2523 καί

177 2559 271 2639 αύτη,
282 2556 339 2622 καί
354 2556 548 2644 όἙρκύνιος
558 2555 687 2642 δρυμός,
699 2553 779 2621 ὥστ’
795 2555 922 2637 ἀνάγκη
938 2563 985 2642 τῷ
995 2556 1032 2620 ἐκ
1043 2563 1100 2639 τῆς
1113 2564 1275 2642 Κελτικῆς

177 2661 233 2726 ἐπὶ
247 2658 304 2727 τόν
317 2659 487 2745 Ἑρκύνιον
501 2659 624 2746 δρυμὸν
651 2659 742 2733 ἰόντι,
758 2661 892 2746 πρῶτον
905 2659 966 2741 μὲν
987 2656 1190 2747 διοπεράσαι
1216 2661 1275 2742 τὴν

176 2765 306 2848 λίμνην,
319 2763 436 2830 ἔπειτα
450 2764 507 2830 τὸν
517 2761 658 2851 Ἴστρον,
676 2759 733 2828 εἰτ’
749 2761 812 2844 ἤδη
828 2759 869 2827 δι’
886 2762 1132 2850 εὐπετεστέρων
1142 2767 1276 2854 χωρίων

176 2869 232 2933 ἐπὶ
263 2866 319 2934 τόν
346 2866 468 2955 δρυμὸν
490 2865 549 2937 τὰς
589 2866 771 2953 προὲάσεις
806 2865 979 2932 ποιεῖσθαι
1009 2864 1050 2930 δι’
1081 2866 1272 2954 όροπεδίων.

174 2972 378 3057 Ἡμερήσιον
393 2969 428 3034 δὲ
443 2968 511 3035 άπὸ
534 2973 592 3050 τῆς
606 2969 726 3052 λίμνης
741 2968 917 3054 προελθὼν
937 2969 1012 3036 όδὸν
1026 2970 1186 3060 Τιὲέριος,
1204 2971 1271 3039 ei&

176 3074 235 3146 τὰς
260 3079 319 3140 τοῦ
328 3073 463 3162 Ἴστρου
486 3073 606 3156 πηγάς.
651 3072 912 3161 Προσάπτονται
935 3073 971 3138 δὲ
995 3080 1053 3156 τῆς
1077 3076 1195 3159 λίμνης
1221 3075 1274 3143 ἐπ’

175 3177 290 3261 ὀλίγον
304 3177 365 3260 μὲν
379 3175 412 3242 οἰ
423 3175 556 3250 Ῥοιτοί,
572 3174 610 3241 τὸ
634 3175 670 3240 δὲ
684 3174 791 3242 πλέον
804 3173 1016 3257 Ἐλουήττιοι
1033 3179 1089 3244 καί
1104 3179 1274 3246 Οὐῑνδελι-

177 3281 238 3356 κοί,
269 3281 325 3346 καὶ
355 3281 375 3361 ἡ
405 3281 507 3346 Βοίων
537 3279 665 3366 ἐρημία.
720 3279 831 3367 Μέχρι
860 3281 1047 3348 Παννονίων
1072 3283 1205 3360 πάντες,
1235 3284 1273 3351 τὸ

175 3383 281 3449 πλέον
306 3381 334 3448 δ’
359 3380 567 3464 Ἑλουήττιοι
594 3381 650 3448 καὶ
679 3381 888 3448 Ούῑνδελικοί
918 3383 1067 3452 οἰκοῦσιν
1102 3385 1272 3474 όροπέδια.

174 3486 297 3552 Ῥαιτοί
328 3486 363 3552 δὲ
402 3485 458 3551 καὶ
494 3484 641 3574 Νωρικοί
668 3485 772 3574 μέχρι
806 3489 871 3552 τῶν
899 3483 1056 3555 Ἀλπείων
1082 3488 1274 3579 ύπερόολῶν

175 3590 366 3678 ἀνίσχουσι,
391 3587 447 3654 καί
472 3589 555 3674 πρὸς
579 3589 639 3668 τὴν
661 3587 810 3654 Ἰταλίαν
830 3589 1068 3675 περινεύουσιν,
1085 3589 1118 3655 οἰ
1138 3592 1200 3674 μὲν
1214 3589 1273 3656 Ἰν-

176 3692 329 3781 σούόροις
358 3692 592 3765 συνάπτοντες,
623 3689 656 3755 οἰ
683 3690 719 3755 δὲ
749 3692 898 3778 Κάρνοις,
929 3692 985 3757 καὶ
1015 3695 1084 3762 τοῖς
1110 3693 1187 3781 περὶ
1213 3693 1273 3775 τὴν

173 3796 343 3877 Ἀκυληίαν
357 3795 504 3885 χωρίοις.
540 3793 639 3860 Ἔστι
655 3793 691 3858 δὲ
707 3792 763 3858 καί
778 3793 868 3874 άλλη
885 3797 949 3874 ύλη
964 3796 1097 3878 μεγάλη
1113 3794 1271 3882 Γαόρῆτα·

175 3901 291 3966 ἔπειτα
306 3900 341 3965 δέ
363 3902 405 3964 τά
424 3902 490 3965 τῶν
505 3897 655 3978 Σοήόων·
680 3897 832 3964 ἐπέκεινα
855 3896 883 3964 δ’
906 3897 1107 3983 όἝρκύνιος
1131 3900 1271 3989 δρυμός·

175 4003 289 4092 ἔχεται
305 4003 341 4067 δὲ
356 4001 505 4091 κᾴκεῖνος
521 3998 575 4066 ὑπ’
592 4000 709 4066 αὐτῶν.

219 4113 259 4172 ΙΙ.
282 4106 364 4193 Περὶ
385 4105 420 4171 δὲ
446 4102 597 4191 Κίμόρων
620 4102 662 4168 τὰ
683 4102 744 4185 μὲν
768 4103 828 4168 οὐκ
855 4103 891 4170 εὖ
913 4103 1060 4188 λέγεται,
1076 4106 1119 4170 τὰ
1143 4104 1169 4171 δ’
1197 4105 1270 4196 ἔχει

174 4209 398 4289 πιθανότητας
412 4209 450 4274 ού
464 4205 610 4294 μετρίας.
655 4206 741 4272 Οὔτε
756 4205 820 4293 γὰρ
836 4206 896 4288 τὴν
910 4209 1064 4290 τοιαύτην
1085 4209 1196 4276 αἰτίαν
1210 4216 1270 4278 τοῦ

174 4311 347 4392 πλάνητας
361 4311 518 4395 γενέσθαι
543 4309 600 4375 καὶ
623 4308 825 4394 λῃστρικοὺς
841 4309 1033 4394 ἀποδέξαιτ’
1056 4311 1097 4378 άν
1121 4340 1181 4388 τις,
1207 4315 1269 4389 ότι,

175 4414 379 4505 χεῤῥόνησον
404 4413 580 4487 οἰκοῦντες,
610 4411 743 4497 μεγάλη
762 4413 971 4499 πλημμυρίδι
996 4415 1207 4497 ἐξελασθεῖεν
1233 4417 1270 4482 ἐκ
