3088 5080
316 439 361 508 cii
435 491 445 512 .
591 453 667 509 rna
689 451 870 508 uununnr
896 453 945 508 or
969 453 1135 514 merrus

313 621 381 678 tate
402 612 523 688 leniret,
547 611 707 676 circumire
735 612 875 686 saucios:
904 611 989 677 facta
1013 609 1205 696 singulorum
1232 607 1416 678 extollere:

315 713 444 778 vulnera
466 712 602 787 intuens,
624 710 720 776 alium
742 734 805 798 spe,
829 712 924 777 alium
947 711 1057 798 gloria,
1080 716 1208 775 cunctos
1225 706 1362 792 alloquio
1383 714 1419 770 et

317 835 400 890 cura,
419 812 538 897 sibique
554 819 586 876 et
601 812 707 898 proelio
724 810 878 878 firmabat.

740 1017 837 1062 ΤΑΟΙΤ.
860 1019 937 1060 ΑΚΝ.
961 1018 995 1058 ll.

364 1111 408 1176 V.
431 1111 577 1179 Octcrum
613 1112 737 1176 'l'ibcrio
766 1112 851 1176 haud
880 1113 1037 1202 ingratum
1065 1111 1180 1176 accidit
1212 1109 1333 1175 turbari
1364 1131 1417 1173 res

319 1212 468 1288 Orientis,
483 1221 520 1278 ut
544 1235 581 1278 ea
604 1212 705 1299 specie
732 1212 953 1278 Germanicum
978 1213 1074 1278 suetis
1096 1211 1268 1298 legionibus
1289 1210 1414 1276 abstra-

319 1314 427 1388 heret:
455 1312 602 1398 novisque
629 1313 794 1398 provinciis
816 1313 1007 1399 impositum,
1025 1313 1096 1378 dolo
1118 1312 1210 1378 simul
1233 1319 1264 1375 et
1287 1309 1415 1376 casibus

319 1412 500 1500 objectaret.
546 1415 593 1478 At
608 1413 669 1492 illc,
688 1420 804 1498 quanto
819 1415 939 1478 acriora
952 1414 984 1478 in
1002 1436 1074 1478 eum
1089 1411 1194 1478 studia
1214 1412 1362 1486 militum,
1379 1419 1415 1474 et

320 1537 428 1580 aversa
449 1513 552 1600 patrui
574 1515 728 1590 voluutas,
752 1512 921 1578 celeranda
939 1513 1078 1580 victoriae
1098 1512 1256 1590 intentior,
1274 1520 1416 1576 tractare

320 1615 495 1700 proeliorum
510 1613 585 1693 vias,
604 1621 637 1678 et
663 1637 731 1698 quac
755 1613 813 1678 sibi
838 1615 967 1679 tertium
985 1613 1054 1700 jam
1080 1635 1195 1678 annum
1219 1611 1418 1698 belligeranti

320 1737 401 1780 saeva
418 1715 468 1779 vel
482 1737 629 1800 prospera
645 1713 836 1778 evenissent:
863 1714 982 1780 “fundi
997 1714 1170 1778 Germanos
1183 1711 1250 1777 acie
1267 1719 1300 1776 et
1315 1710 1418 1798 justis

320 1815 417 1888 locis:
450 1812 555 1899 juvari
578 1813 672 1889 silvis,
699 1814 872 1899 paludibus,
902 1815 987 1880 brevi
1014 1822 1131 1890 aestate,
1163 1821 1195 1878 et
1222 1821 1415 1898 praematura

320 1914 441 1978 hiems:
465 1937 555 1979 suum
577 1913 709 1978 militem
731 1913 816 1978 haud
840 1915 968 1999 perinde
986 1913 1174 1990 vulneribus,
1191 1935 1284 1998 quam
1304 1913 1418 1998 spatiis
1533 1924 1541 2013 ’χ

322 2013 479 2091 itinerum,
497 2014 611 2080 damno
628 2035 783 2079 armorum
803 2013 916 2080 adfici:
941 2016 1037 2082 fessas
1060 2013 1178 2080 Gallias
1199 2012 1416 2078 ministrandis
1540 2050 1541 2093 ;

323 2113 428 2198 equis:
456 2115 583 2200 longum
607 2113 900 2200 impedimentorum
925 2139 1047 2203 agmen,
1070 2123 1280 2201 opportunum
1302 2113 1345 2176 ad
1368 2113 1419 2177 in-

322 2212 429 2291 sidiam,
448 2215 678 2280 defensantibus
704 2214 854 2300 iniquum.
907 2216 955 2281 At
981 2217 1115 2281 rimare
1140 2215 1283 2290 intretur,
1308 2235 1417 2297 prom·

324 2321 412 2400 ptam
435 2315 510 2401 ipsis
534 2316 766 2402 possessionem,
796 2324 828 2381 et
842 2316 984 2382 hostibus
998 2316 1157 2401 ignotam:
1182 2314 1273 2380 simul
1296 2312 1418 2378 bellum

324 2415 476 2480 maturius
497 2417 601 2504 incipi,
624 2417 819 2502 legionesque
842 2424 874 2482 et
896 2424 1087 2482 commeatus
1109 2417 1226 2500 pariter
1250 2413 1343 2480 vehi:
1368 2415 1419 2478 in·

324 2523 446 2602 tegrum
464 2517 609 2603 equitem,
625 2540 789 2602 equosque,
804 2541 860 2603 per
876 2540 931 2582 ora
945 2524 977 2582 et
1000 2517 1105 2583 alveos
1128 2515 1290 2582 {luminum
1309 2513 1420 2579 media

329 2617 361 2681 in
378 2617 547 2684 Germania
561 2619 657 2683 fore.”

368 2717 430 2782 Vl.
454 2718 557 2804 Igitur
592 2719 651 2783 huc
688 2719 842 2784 intendit:
890 2718 991 2784 missis
1019 2718 1061 2782 ad
1090 2739 1199 2782 census
1229 2716 1418 2794 Galliarum,

325 2818 365 2882 P.
382 2817 511 2882 Vitellio
533 2827 566 2883 ct
589 2817 625 2885 O.
641 2818 760 2890 Antio:
787 2819 890 2892 Silius,
914 2826 947 2883 et
961 2819 1109 2896 Anteius,
1127 2825 1159 2882 et
1182 2816 1304 2883 Caecina
1320 2817 1422 2882 fabri·

325 2917 431 2981 candae
454 2918 543 2984 classi
568 2926 797 3004 praeponuntur.
852 2919 941 2985 Mille
963 2941 1058 2984 naves
1080 2915 1218 2984 sufficere
1240 2917 1323 2995 visae,
1346 2941 1423 3003 pro-

326 3025 520 3102 perataque:
544 3019 611 3084 alia
626 3019 744 3096 breves,
757 3028 890 3105 angusta
904 3021 999 3105 puppi
1015 3041 1175 3105 proraque,
1189 3027 1221 3083 et
1236 3019 1302 3083 lato
1313 3027 1420 3094 utero,

327 3139 388 3200 quo
410 3117 529 3183 facilius
550 3115 661 3186 fluctos
675 3122 861 3185 tolerarent:
888 3121 1030 3204 quaedam
1047 3119 1147 3206 plana
1162 3118 1283 3197 carinis,
1298 3127 1335 3184 ut
1350 3117 1423 3184 sine

326 3238 409 3280 noxa
431 3217 587 3283 siderent:
612 3220 723 3305 plures,
746 3220 896 3305 adpositis
917 3222 1073 3304 utrimque
1094 3218 1319 3306 gubernaculis,
1344 3241 1424 3282 con-

326 3339 415 3382 verso
437 3325 475 3382 ut
498 3328 625 3405 repente
649 3320 787 3405 remigio,
804 3319 875 3384 hinc
900 3320 950 3384 vel
973 3321 1057 3386 illinc
1072 3320 1282 3406 adpellerent:
1306 3320 1422 3384 multae

326 3418 474 3503 pontibus
497 3427 613 3498 stratae,
632 3443 724 3507 super
743 3442 820 3506 quas
836 3428 993 3486 tormenta
1006 3421 1202 3498 veherentur,
1220 3420 1311 3486 simul
1333 3426 1422 3505 aptas

326 3517 462 3584 ferendis
484 3519 569 3603 equis
593 3529 648 3585 ant
671 3520 869 3595 commeatui,
885 3521 960 3588 velis
974 3522 1103 3599 habiles,
1119 3522 1189 3586 cita
1204 3519 1307 3600 remIs,
1324 3543 1424 3605 auge·

326 3619 442 3683 bantur
468 3620 629 3686 alacritate
652 3621 787 3685 militum
810 3621 842 3685 in
866 3621 1000 3708 speciem
1026 3645 1064 3687 ao
1092 3630 1252 3687 terrorem.
1309 3620 1424 3686 Insula

327 3717 519 3784 Batavorum
534 3721 566 3785 in
584 3743 677 3805 quam
692 3721 891 3788 convenirent
906 3723 1064 3808 predicta,
1080 3722 1120 3787 ob
1135 3722 1241 3787 faciles
1258 3720 1422 3807 adpulsus,

327 3819 572 3904 accipiendisque
587 3823 692 3907 copiis,
708 3829 741 3887 et
755 3822 1031 3888 transmittendum
1046 3822 1086 3887 ad
1101 3822 1217 3887 bellum
1232 3829 1422 3908 opportuna

328 3918 411 3983 Nam
434 3920 562 3987 Rhenus
583 3945 645 3987 uno
668 3923 756 3988 alveo
777 3923 950 4002 continuus,
974 3930 1030 3989 aut
1051 3923 1190 3988 modicas
1214 3922 1330 3987 insulas
1360 3921 1425 3985 cir-

326 4021 532 4100 cumveniens,
548 4022 633 4107 apud
647 4023 832 4112 principium
846 4023 913 4110 agri
930 4023 1053 4102 Batavi,
1069 4025 1155 4088 velut
1170 4023 1202 4087 in
1217 4023 1295 4087 duos
1310 4044 1425 4088 amnes

327 4118 486 4201 dividitur,
514 4131 677 4208 servatque
704 4147 816 4189 nomen
843 4132 876 4190 et
902 4123 1080 4189 violentiam
1107 4146 1223 4201 cursus,
1249 4145 1312 4208 qua
1340 4122 1424 4188 Ger*-

326 4219 463 4286 maniam
487 4223 682 4308 praevehitnr,
708 4223 807 4289 donec
836 4224 960 4290 Oceano
987 4223 1171 4289 misceatur:
1198 4223 1240 4288 ad
1264 4222 1425 4288 Gallicam

326 4319 426 4404 ripam
443 4321 536 4388 latior
551 4331 582 4388 et
605 4323 754 4410 placidior
768 4322 917 4403 adfluens,
935 4346 1023 4390 verso
1038 4331 1244 4410 cognomento
1260 4322 1425 4389 Vahalem

326 4422 438 4486 accolae
472 4423 598 4489 dicunt:
637 4447 711 4489 mox
744 4426 777 4490 id
810 4449 930 4510 quoque
960 4426 1145 4490 vocabulum
1184 4431 1287 4490 mutat
1326 4423 1427 4490 Mosa
