3158 5122
575 473 854 529 ascensorium.
1190 453 1250 520 xiii

168 633 250 697 inter
271 655 324 698 eos
344 635 483 719 generosi
504 633 673 708 extabaut;
698 656 737 697 ex
759 633 870 716 quibus
892 631 935 696 eis
950 639 982 695 et
997 653 1093 716 reges,
1109 639 1141 694 et
1156 652 1254 694 sacer·

170 732 260 798 dotes
276 735 506 799 ordinabantur.
542 733 633 798 Adeo
648 756 720 818 ergo
734 733 819 798 fuere
833 731 952 796 laudati
968 731 1066 808 Getae,
1085 739 1120 795 ut
1138 729 1255 794 dudum

172 831 320 910 Martem,
339 857 428 918 quem
444 843 605 920 poetarum
622 833 742 897 fallacia
757 832 849 898 damn
871 831 944 896 belli
964 832 1157 916 pronunciat,
1173 829 1257 915 apud

171 954 222 997 eos
239 933 330 999 fnisse
346 935 451 1000 dicant
466 943 619 999 exortum.
665 933 759 997 Unda
774 943 806 998 et
822 932 983 1018 Virgilius,

333 1100 552 1172 “Gradivumque
565 1111 671 1171 patrem,
684 1099 783 1152 Geticis
796 1099 839 1169 qui
853 1098 971 1169 praesidet
983 1097 1078 1150 arris.”

173 1245 272 1327 Quem
302 1245 438 1311 Martem
462 1245 559 1310 Gothi
591 1267 711 1329 semper
740 1244 908 1328 asperrima
935 1243 1095 1328 placavere
1126 1243 1256 1308 cultura.

172 1345 253 1410 Nam
271 1345 404 1409 victimae
426 1344 492 1432 ejus
514 1353 629 1410 mortes
645 1345 729 1408 fuere
744 1352 915 1429 captorum,
931 1343 1094 1427 opinantes
1108 1342 1257 1407 bellorum

171 1444 331 1530 praesulem
346 1446 449 1531 aptius
463 1446 590 1510 humani
605 1445 762 1530 sanguinis
775 1443 922 1508 effusione
933 1443 1129 1527 placandum.
1174 1442 1259 1508 Huic

172 1545 284 1630 praedae
299 1546 467 1631 primordia
482 1545 683 1622 vovebantur,
700 1545 771 1610 huic
788 1543 905 1608 truncis
919 1542 1185 1629 suspendebantur
1206 1567 1259 1608 ex-

172 1645 273 1710 uviae:
299 1655 425 1730 eratque
446 1646 506 1711 illis
528 1645 683 1730 religionis
704 1653 817 1730 praeter
841 1652 968 1708 caeteros
991 1642 1163 1708 insinuatus
1185 1643 1260 1708 affe·
1355 1665 1358 1672 ·

173 1755 253 1820 ctus,
270 1769 363 1829 quum
379 1746 500 1831 parenti
515 1745 638 1809 devotio
654 1744 785 1810 nominis
798 1744 956 1808 videretur
971 1743 1119 1828 impendi.
1152 1743 1259 1809 Tertia

173 1867 246 1909 vero
272 1845 360 1910 sedes
386 1867 478 1930 supra
497 1867 581 1908 mare
608 1845 783 1909 Ponticum.
830 1843 904 1908 Jam
927 1844 1131 1920 humaniores,
1156 1853 1198 1921 et,
1224 1853 1260 1909 ut

175 1944 314 2029 superius
345 1945 489 2022 diximus,
521 1944 733 2029 prudentiores
767 1944 877 2022 effecti,
910 1943 999 2009 divisi
1038 1967 1093 2029 per
1128 1944 1260 2010 familias

174 2043 288 2128 populi,
306 2044 507 2130 Wesegothee
528 2044 652 2109 familia
670 2043 862 2122 Balthorum,
887 2043 1083 2129 Ostrogothae
1108 2045 1261 2129 praeclaris

178 2143 301 2208 Amalis
322 2143 506 2209 serviebant.
551 2145 689 2226 Quorum
703 2144 840 2208 studium
855 2143 915 2207 fuit
932 2145 1073 2228 primurn,
1089 2143 1170 2208 inter
1184 2145 1260 2210 alias

176 2251 283 2327 gentes
305 2244 430 2322 vicinas,
452 2267 541 2309 arcus
555 2244 714 2308 intendero
731 2243 852 2318 nervis;
882 2243 1017 2320 Lucano,
1034 2244 1103 2329 plus
1118 2244 1262 2309 historico

178 2365 271 2426 quam
286 2353 389 2429 poeta,
405 2353 551 2422 testante,

384 2501 401 2530 “
410 2499 596 2570 Armeniosque
608 2516 682 2554 arcus
693 2499 793 2553 Geticis
804 2499 935 2553 intendere
948 2500 1060 2555 nervia”

177 2643 265 2708 Ante
290 2665 366 2727 quos
391 2644 486 2708 etiam
513 2653 606 2708 cantu
628 2641 778 2729 majorum
793 2643 877 2708 facta
892 2643 1152 2710 modulationibus
1166 2644 1263 2712 citha-

177 2744 278 2828 risque
310 2743 472 2818 canebant,
506 2743 750 2830 Etheapamarae,
773 2743 917 2820 Hanalae,
946 2743 1130 2831 Fridigerni,
1157 2746 1261 2811 Widi-

177 2844 264 2919 culae,
287 2852 320 2908 et
348 2843 489 2921 aliorum,
517 2866 646 2928 quorum
675 2845 707 2908 iu
737 2843 795 2908 hac
823 2853 916 2929 gente
944 2865 1057 2931 magna
1078 2846 1182 2931 opinio
1204 2857 1262 2925 est,

177 2945 281 3028 quales
297 2944 350 3008 vix
376 2943 486 3009 heroas
506 2943 599 3008 fuisse
616 2943 758 3009 miranda
773 2942 876 3030 jactat
890 2944 1068 3030 antiquitas.
1113 2945 1212 3022 Tunc,
1228 2958 1264 3012 ut

176 3044 283 3122 fertur,
301 3043 437 3110 Vesoces
453 3043 580 3131 Scythis
593 3043 814 3129 lachrymabile
829 3044 885 3109 sibi
901 3046 1004 3130 potius
1018 3045 1124 3110 intulit
1138 3047 1263 3122 bellum,

178 3145 222 3216 eis
246 3143 399 3222 videlicet,
427 3167 503 3229 quos
522 3145 717 3208 Amazonum
741 3144 820 3209 viros
843 3144 944 3228 prisca
964 3145 1060 3210 tradit
1085 3148 1263 3213 auctoritas.

179 3243 228 3309 De
241 3244 327 3328 queis
342 3244 471 3310 feminas
485 3244 659 3309 bellatrices
676 3253 707 3308 ct
724 3244 850 3309 Omnino
865 3245 895 3308 in
912 3245 1010 3330 primo
1026 3245 1179 3312 volumine
1195 3271 1263 3334 pro-

177 3344 257 3408 fessa
273 3366 345 3408 voce
371 3351 515 3410 testatur.
567 3344 662 3409 Unde
690 3367 761 3408 cum
790 3344 902 3409 Gothis
925 3367 995 3410 eum
1021 3345 1181 3413 dimicasse
1201 3350 1264 3414 evi-

179 3443 288 3507 denter
315 3444 489 3528 probamas,
516 3468 606 3528 quem
634 3467 704 3510 curu
722 3445 918 3509 Amazonum
944 3445 1018 3511 viris
1043 3447 1182 3513 absolute
1208 3472 1264 3534 pu-

179 3567 289 3627 gnasse
303 3543 532 3628 cognoscimus:
553 3545 604 3629 qui
618 3553 692 3609 tunc
707 3567 727 3608 a
741 3544 925 3610 Boristhene
934 3568 1034 3622 amne,
1046 3569 1137 3631 quem
1151 3549 1263 3613 accolae

179 3643 358 3708 Danubium
374 3651 495 3720 vocant,
511 3667 606 3728 usquo
623 3643 663 3709 ad
679 3644 798 3709 Tanain
815 3643 952 3726 fluvium,
967 3646 1049 3710 circa
1062 3647 1163 3712 sinum
1179 3649 1265 3733 palu-

179 3742 226 3809 dis
254 3744 413 3808 Maeotidis
438 3743 648 3808 considebant.
694 3744 813 3810 Tanain
836 3767 908 3810 vero
938 3746 1020 3810 hunc
1046 3747 1124 3824 dieo,
1152 3749 1265 3832 quiex

180 3843 308 3929 Riphcis
330 3844 487 3908 montibus
508 3842 647 3929 dejectus
668 3845 746 3908 adeo
763 3867 899 3930 praeceps
914 3846 984 3922 ruit,
1004 3856 1040 3910 ut
1054 3870 1149 3930 quum
1164 3849 1265 3914 vicina

180 3941 316 4020 flumina,
347 3944 411 4009 sive
445 3943 581 4020 Maeotis,
613 3945 661 4008 vel
696 3943 852 4030 Bosporus
877 3945 947 4030 gelu
973 3945 1151 4026 solidentur,
1183 3950 1265 4014 solus

180 4043 317 4108 amnium
342 4045 530 4130 confragosis
552 4044 708 4109 montibus
733 4054 910 4130 vaporatus,
934 4068 1090 4130 nunqnam
1117 4047 1264 4134 Scythico

182 4143 317 4208 durescit
339 4145 453 4229 algore.
505 4145 568 4210 Hic
593 4145 675 4208 inter
692 4145 801 4210 Asiam
825 4144 1043 4230 Europamque
1058 4148 1208 4213 terminus
1221 4149 1267 4214 fa·

181 4266 285 4309 mosas
299 4244 450 4308 habetur:
475 4266 547 4309 nam
564 4247 642 4310 alter
659 4255 706 4310 est
724 4245 785 4323 ille,
805 4245 855 4329 qui
880 4247 1036 4310 montibus
1059 4245 1264 4312 Ghrinuorum

180 4345 292 4415 oriens,
318 4345 348 4407 in
374 4342 520 4428 Caspium
542 4368 627 4410 marc
651 4345 807 4410 dilabitur.
861 4345 1023 4410 Danubius
1048 4355 1154 4410 autern
1180 4361 1268 4412 ortas

179 4445 289 4528 grandi
316 4444 438 4529 palude,
465 4445 551 4528 quasi
581 4467 620 4509 ex
649 4447 727 4510 mari
760 4445 964 4530 profunditur.
1020 4445 1082 4510 Hic
1108 4469 1204 4530 nsque
1227 4447 1269 4511 ad
