3088 5080
559 441 852 498 PROLEGOMENA.
1213 453 1256 500 cv

155 614 269 680 randos
291 610 428 676 militum
453 607 573 673 animos
599 612 696 682 ratus,
718 627 854 690 quonam
881 606 914 669 id
929 607 1023 671 modo
1038 607 1254 693 incorruptum

155 716 248 790 foret,
275 733 381 777 secum
405 709 565 796 agitabat:
592 705 777 770 “Tribunos
798 714 829 771 et
845 707 1040 771 centuriones
1055 706 1128 770 laeta
1142 709 1255 794 saepius

156 837 250 900 quam
265 818 424 896 comperta
438 808 582 873 nuntiare
595 831 604 881 ;
630 806 812 871 libertorum
828 807 952 872 servilia
975 807 1119 892 ingoniar
1145 808 1255 874 amicis

156 916 256 980 inesse
273 911 504 978 adulationem:
530 908 554 974 si
571 907 677 972 concio
692 915 833 983 vocetur,
849 907 911 972 illic
929 930 1060 993 quoquo,
1079 929 1147 994 quar
1164 909 1255 995 pauci

157 1014 317 1100 incipiant,
335 1011 468 1095 reliquos
483 1009 680 1093 adstrepere:
706 1008 830 1092 penitus
845 1009 1015 1073 noscendas
1039 1016 1168 1086 mentes,
1185 1032 1256 1074 cum

159 1115 270 1181 secreti
294 1121 326 1176 et
351 1109 543 1188 incustoditi,
566 1110 648 1174 iuter
673 1107 823 1172 militares
848 1109 943 1186 cibos,
966 1131 1052 1194 spem
1067 1117 1122 1174 aut
1137 1117 1257 1174 metum

164 1210 367 1301 proferrent.'‘

206 1313 309 1378 XIII.
335 1311 436 1376 Nocte
474 1317 584 1396 coepta,
628 1331 769 1396 egressus
798 1308 950 1393 augurali,
986 1329 1041 1393 per
1072 1309 1195 1374 occulta
1227 1317 1259 1375 at

162 1414 305 1501 vigilibus
328 1413 447 1498 ignara,
470 1411 583 1476 comite
607 1431 679 1488 uno,
702 1418 864 1475 contectus
886 1410 1032 1474 humeros
1053 1409 1152 1474 ferina
1168 1411 1258 1495 pelle,

162 1516 229 1580 adit
244 1523 416 1580 castrorum
432 1511 507 1591 vias,
525 1511 649 1577 adsistit
665 1509 885 1588 tabernaculis,
902 1509 1075 1593 fruiturque
1093 1509 1177 1574 fama
1190 1512 1256 1575 sui:

163 1639 234 1681 cum
251 1615 302 1679 hic
321 1621 340 1649 “
352 1609 546 1677 nobilitatem
564 1611 682 1690 ducis,”
703 1617 721 1646 “
734 1610 877 1675 decorem
888 1610 907 1636 '¹
921 1609 1010 1686 aliua,
1029 1610 1153 1695 plurimi
1174 1617 1192 1648 ‘⁸
1206 1633 1260 1697 pa·

163 1717 316 1791 tientiam,
340 1713 530 1788 comitatem,
554 1736 609 1799 per
632 1712 721 1784 aeria,
739 1734 795 1797 per
811 1712 900 1796 jocos
923 1710 1067 1775 eumdem
1089 1709 1260 1790 animum,“'

164 1813 451 1880 laudibusferrent:
471 1821 491 1849 “
504 1812 755 1896 reddendamque
766 1812 901 1897 gratiam
914 1811 945 1875 in
956 1811 1042 1875 acie''
1061 1811 1253 1877 faterentur:

167 1915 260 1980 simul
276 1922 294 1950 ‘⁴
306 1911 438 1998 perlidos
453 1921 484 1977 et
497 1921 638 1998 ruptores
653 1913 746 1996 pacis,
760 1912 872 1977 ultioni
883 1920 914 1976 et
928 1910 1035 1998 gloriae
1046 1912 1262 1978 mactandos.”
1374 1905 1377 1912 ¹

169 2017 258 2078 luter
272 2035 339 2097 qua
355 2033 435 2075 unus
449 2012 584 2076 hostium
602 2012 723 2076 Latina
740 2013 852 2098 lingua
875 2012 984 2088 sciens,
999 2021 1070 2078 acto
1088 2013 1128 2077 ad
1143 2013 1261 2078 vallum

168 2137 258 2198 equo,
275 2135 349 2177 voce
373 2133 494 2196 magna,
515 2118 535 2148 “
545 2111 699 2196 conjuges
721 2120 752 2174 ct
778 2133 878 2197 agros,
906 2122 938 2176 et
964 2113 1111 2198 stipendii
1134 2113 1165 2178 in
1181 2113 1259 2188 dies,

169 2215 267 2278 donec
294 2212 469 2289 bellaretur,
487 2212 646 2277 sestertios
673 2219 831 2286 centenos,
861 2211 886 2277 si
914 2213 983 2295 quis
1012 2213 1262 2300 transfugisset,''

171 2314 306 2379 Arminii
322 2311 446 2377 nomine
460 2312 633 2397 pollicetur.
686 2311 832 2376 Incendit
847 2334 884 2376 ea
901 2313 1089 2378 contumelia
1106 2314 1261 2399 legionum

169 2416 250 2479 iras:
292 2413 445 2480 “veniret
474 2413 550 2490 dies,
581 2413 708 2476 daretur
739 2433 861 2496 pugna:
901 2422 1098 2497 sumpturum
1131 2415 1261 2478 militem
1374 2489 1379 2498 ¹

170 2515 396 2579 Germanorum
423 2533 522 2598 agros,
551 2520 724 2577 tracturum
749 2510 914 2597 conjuges:
943 2513 1082 2597 accipere
1105 2537 1206 2591 omen,
1231 2523 1263 2578 et

169 2615 369 2680 matrimonia
394 2635 431 2677 ac
459 2613 605 2698 pecunias
629 2613 766 2676 hostium
784 2611 898 2696 praedae
923 2612 1111 2690 destinare,”
1155 2613 1263 2679 Tertia

170 2717 267 2780 ferme
289 2714 396 2801 vigilia
416 2713 610 2779 adsultatum
634 2723 681 2778 est
704 2712 823 2788 castris,
840 2711 906 2778 sius
929 2710 1071 2797 conjectu
1094 2715 1161 2790 teli,
1179 2722 1265 2799 post-

171 2838 264 2901 quam
292 2815 415 2879 crebras
440 2837 497 2899 pro
521 2813 722 2880 munimentis
749 2814 901 2890 cohortes,
928 2822 961 2877 et
992 2814 1069 2878 nihil
1101 2815 1263 2880 remissum

174 2939 306 2982 sensere.

216 3015 317 3080 XIV.
342 3013 415 3079 Nox
437 3014 547 3078 eadem
571 3015 676 3080 latam
701 3014 888 3080 Germanico
914 3015 1050 3100 quietem
1067 3015 1149 3092 tulit,
1168 3016 1263 3082 vidit-

172 3141 231 3201 que
253 3140 286 3182 se
308 3123 480 3202 operatum,
510 3121 541 3178 ct
567 3115 716 3201 sanguine
738 3137 825 3180 sacro
848 3138 987 3201 respersa
1008 3125 1172 3202 pretenta,
1197 3119 1264 3203 pul-

172 3218 323 3283 chriorem
350 3215 443 3281 aliam
468 3214 611 3280 manibus
637 3217 717 3280 aviae
733 3216 887 3300 Augusta
912 3217 1078 3302 accepisse.
1140 3217 1265 3286 Auctus

172 3319 284 3395 omine,
300 3315 517 3382 addicentibus
533 3316 688 3402 auspiciis,
706 3325 798 3380 vocat
820 3317 1008 3394 concionem,
1036 3328 1067 3382 et
1091 3340 1159 3402 qua
1185 3320 1266 3405 sapi-

173 3420 258 3485 entia
283 3417 422 3504 praevisa,
442 3427 578 3502 aptaque
607 3415 781 3480 imminenti
810 3439 933 3502 pugna,
967 3417 1101 3484 disserit.
1159 3425 1178 3454 “
1192 3418 1264 3484 Non

173 3542 299 3605 compos
317 3517 410 3582 modo
437 3517 529 3580 militi
545 3516 687 3580 Romano
710 3515 751 3581 ad
768 3517 909 3602 proelinm
935 3517 1042 3596 bonos,
1059 3519 1113 3582 sod
1135 3518 1162 3582 si
1184 3520 1265 3586 ratio

173 3621 267 3697 adsit,
296 3619 390 3684 silvas
405 3623 438 3681 et
461 3617 577 3681 saltus:
604 3639 661 3680 nec
677 3617 759 3680 enim
780 3617 932 3682 immensa
947 3617 1151 3682 barbarorum
1165 3629 1264 3698 acuta,

173 3743 313 3786 enormes
337 3720 454 3795 hastas,
472 3718 554 3782 inter
578 3723 705 3783 truncos
731 3716 885 3795 arborum,
909 3725 941 3782 et
964 3725 1058 3782 enata
1084 3718 1178 3782 humo
1204 3720 1265 3785 vir-

171 3822 270 3908 gulta,
307 3818 434 3907 perinde
471 3816 578 3882 haberi
608 3839 702 3902 quam
735 3817 806 3902 pila,
834 3827 866 3884 ot
895 3817 1025 3902 gladios,
1055 3825 1087 3884 et
1116 3818 1266 3888 haerentia

172 3923 291 4007 corpori
314 3919 472 4006 tegmina:
497 3917 663 3984 denserent
678 3917 768 3996 ictus,
785 3939 839 3984 ora
854 3917 1052 3984 mucronibus
1070 3931 1262 4003 quaterent:

173 4045 234 4086 non
259 4022 386 4086 loricam
402 4019 572 4094 Germano,
596 4040 657 4082 non
681 4017 823 4103 galeam3
853 4041 891 4083 ne
916 4027 1006 4084 scuta
1033 4020 1159 4104 quidem
1184 4020 1265 4087 ferro

173 4145 306 4187 nervove
334 4119 468 4196 firmata,
484 4119 540 4185 sed
564 4119 716 4185 viminum
742 4126 860 4196 textus,
878 4119 926 4185 vel
952 4127 1061 4185 tenues
1088 4130 1119 4187 et
1144 4120 1265 4189 fucatas

173 4224 274 4288 colore
295 4220 438 4287 tabulas:
463 4221 596 4306 primam
621 4227 791 4304 utcumque
815 4219 914 4285 aciem
941 4219 1116 4296 hastatam;
1141 4224 1264 4299 ceteris,

171 4329 306 4411 praeusta
326 4330 382 4386 aut
404 4321 510 4386 brevia
532 4320 613 4385 tela:
635 4318 704 4407 jam
727 4341 848 4405 corpus,
866 4327 902 4385 ut
925 4321 993 4385 visu
1015 4328 1150 4398 torvum,
1166 4330 1198 4387 et
1222 4323 1264 4388 ad

170 4428 296 4491 brevem
311 4421 462 4507 impetum
480 4421 627 4499 validum,
644 4421 687 4486 sic
711 4419 796 4485 nulla
812 4420 973 4486 vulnerum
1000 4422 1173 4507 patientia:
1197 4423 1263 4490 siue
