3150 5136
578 473 858 531 saltationum.
1177 460 1267 530 xxix

179 637 340 702 victoriam
356 637 504 723 capiunt;
521 637 573 721 qui
588 659 734 722 magnam
749 635 947 722 postmodum
961 635 1052 702 famis
1066 635 1228 722 penuriam
1239 635 1272 700 iu

180 737 446 824 cademScoriuga
455 737 613 822 provincia
622 738 767 823 perpessi,
775 737 863 801 valde
873 735 977 801 auimo
987 738 1176 802 consternati
1186 745 1268 801 sunt.

224 837 290 902 XI.
314 838 363 902 Da
385 860 447 922 qua
469 837 671 922 egredientes,
686 838 762 902 dum
787 837 818 901 in
836 837 1035 922 Mauringam
1052 825 1183 902 transire
1211 836 1271 902 dis·

181 951 339 1022 ponerent,
355 937 502 1023 Assipitti
517 960 624 1002 eorum
639 937 698 1002 iter
713 937 897 1023 impediunt,
912 937 1101 1023 denegantes
1116 936 1160 1002 eis
1174 937 1271 1001 omni·

180 1037 281 1102 modis
303 1060 357 1122 per
378 1060 450 1103 suos
466 1037 614 1102 terminos
631 1038 807 1102 transitum.
859 1037 958 1102 Porro
976 1036 1184 1122 Lougcbardi,
1201 1059 1273 1101 cum

180 1159 309 1222 magnas
331 1138 467 1203 hostium
490 1138 594 1224 copias
617 1145 785 1214 cernerent,
809 1160 908 1222 neque
932 1159 1003 1201 cum
1027 1137 1081 1216 eis,
1105 1136 1145 1202 cb
1167 1137 1272 1222 pauci·

180 1245 278 1302 tatem
294 1238 457 1315 exercitus,
476 1237 621 1322 congredi
636 1237 797 1316 auderent,
816 1236 950 1322 dumque
967 1237 1042 1321 qnid
1063 1259 1155 1322 agere
1178 1236 1272 1302 debe-

179 1345 258 1414 rent,
276 1337 486 1416 decernerent,
502 1337 629 1402 tandem
643 1321 812 1403 necessitas
824 1337 984 1402 consilium
999 1338 1123 1422 reperit.
1169 1336 1272 1403 Simu·

178 1436 245 1502 lant
271 1461 303 1502 se
330 1438 362 1503 in
387 1437 497 1504 castris
523 1437 586 1502 suis
611 1438 725 1502 habere
752 1437 986 1524 cynocephalos,
1020 1437 1053 1501 id
1082 1445 1139 1515 est,
1168 1439 1271 1502 canini
1296 1459 1300 1468 ’

179 1538 290 1623 capitis
304 1538 462 1603 homiues:
490 1536 653 1623 divulgant
669 1538 753 1623 apud
770 1539 876 1603 hostes
892 1539 948 1603 hos
969 1537 1169 1623 pertinaciter
1190 1536 1272 1602 bella

177 1661 293 1722 gerere,
310 1639 481 1703 humanum
498 1638 679 1723 sanguinem
693 1639 809 1717 bibere,
825 1647 857 1704 et
877 1637 903 1704 si
922 1639 1044 1703 boetem
1066 1637 1187 1723 assequi
1210 1661 1271 1702 non

179 1738 308 1822 possint,
337 1738 496 1824 proprium
521 1747 629 1823 potare
653 1761 804 1803 cruorem.
860 1737 970 1823 thue
1004 1737 1076 1803 huic
1110 1739 1271 1804 assertioni

181 1835 274 1901 fidem
291 1838 437 1913 lacerent,
454 1838 605 1923 ampliant
619 1839 765 1914 tentoria,
782 1839 988 1924 plurimosque
1006 1839 1038 1903 iu
1053 1839 1162 1904 castris
1185 1839 1272 1925 ignes

181 1937 366 2004 accendunt.
412 1937 473 2002 His
487 1938 592 2003 hostes
607 1938 732 2016 auditis,
747 1939 880 2024 visisque
897 1939 1012 2004 creduli
1028 1938 1140 2018 effecti,
1156 1940 1272 2006 bellum

182 2037 264 2120 quod
280 2037 488 2112 minabantur,
499 2035 568 2124 jam
585 2045 707 2102 tentare
722 2061 784 2104 nou
801 2039 929 2104 audent.

228 2136 314 2201 XII.
338 2135 509 2202 Habebunt
540 2150 645 2202 tamen
677 2136 761 2224 apud
791 2160 823 2203 se
855 2139 956 2204 vimm
988 2139 1200 2220 fortissimum,
1234 2139 1273 2206 de

184 2234 271 2322 eujus
298 2234 436 2302 fidebant
459 2237 584 2312 viribus,
615 2260 702 2323 posse
729 2259 762 2302 se
791 2239 993 2324 proculdubio
1019 2239 1159 2305 obtinere
1190 2241 1274 2324 quod

182 2337 306 2416 vellent,
340 2339 422 2402 huno
456 2339 555 2402 solum
586 2360 649 2423 pree
688 2337 831 2403 omuibus
866 2347 1077 2424 pugnaturum
1114 2338 1274 2427 objiciunt.

185 2437 401 2522 Mandautque
418 2437 640 2524 [longobardia
655 2445 692 2502 ut
707 2461 803 2503 unum
818 2461 909 2522 quem
927 2438 1042 2504 vellent
1056 2461 1181 2504 suorum
1203 2440 1275 2506 mit-

183 2544 295 2614 terent,
318 2538 370 2621 qui
394 2561 465 2602 cum
488 2562 524 2604 eo
549 2539 590 2602 ad
612 2539 767 2624 singulare
781 2547 938 2604 certamen
953 2539 1063 2617 exiret,
1081 2562 1118 2604 ea
1132 2538 1276 2605 videlicet

183 2635 370 2716 conditione,
389 2646 425 2704 ut
447 2639 471 2702 si
493 2661 568 2704 suus
589 2639 720 2704 bellator
737 2639 900 2704 victoriam
921 2647 1055 2726 caperet,
1079 2639 1278 2727 Langobardi

184 2737 294 2804 itinera
316 2761 377 2822 quo
392 2747 540 2804 venerant
562 2739 702 2804 abirent:
731 2739 778 2804 siu
800 2748 1091 2826 veresuperaretur
1113 2740 1152 2805 ab
1167 2742 1275 2820 altero,

184 2848 259 2902 tuuc
285 2861 318 2904 se
347 2838 562 2924 Langobardis
585 2840 751 2904 transitum
775 2837 929 2925 pertines
953 2841 1093 2927 proprios
1115 2863 1177 2906 uon
1200 2843 1278 2906 veti·

182 2946 280 3004 turos.
337 2940 477 3024 (lamque
505 2939 712 3025 Langobardi,
740 2962 832 3024 quem
858 2962 875 3004 e
905 2941 968 3006 suis
997 2940 1102 3026 potius
1129 2941 1278 3008 adversus

183 3039 284 3104 virum
305 3039 569 3106 bellicosissimum
594 3039 766 3117 mitterent,
789 3039 993 3126 ambigerent,
1016 3041 1142 3125 quidam
1158 3064 1197 3106 ex
1215 3065 1277 3108 ser·

184 3139 236 3204 vili
258 3140 435 3206 conditione
457 3147 568 3226 sponte
589 3161 622 3204 sc
637 3141 762 3218 obtulit,
780 3140 935 3226 promittit
950 3163 982 3206 se
999 3143 1181 3226 provocanti
1195 3143 1277 3208 hosti

186 3261 439 3326 congressumm;
468 3263 505 3306 ea
525 3241 654 3318 ratione,
671 3249 707 3305 ut
730 3241 756 3306 si
771 3241 810 3306 de
825 3241 914 3306 hoste
929 3241 1091 3307 victoriam
1105 3251 1239 3328 caperet,
1257 3267 1277 3308 a

187 3360 219 3403 se
239 3363 354 3424 suaque
368 3342 514 3427 progenie
531 3339 691 3406 servitutis
712 3363 834 3406 navum
856 3339 1023 3406 auferrent.
1070 3342 1154 3424 Quid
1171 3343 1277 3428 plural

185 3447 347 3524 gratanter
363 3463 430 3525 qua
445 3442 656 3526 postulaverat
670 3463 736 3507 esse
751 3442 888 3506 facturos
904 3442 1095 3525 pollicentur.
1140 3444 1169 3508 A
1173 3467 1277 3529 ggres·

187 3561 238 3604 sus
260 3541 382 3604 boetem
404 3541 596 3626 expugnavit
619 3548 651 3606 et
672 3543 769 3616 vicit3
799 3542 1014 3628 Longobardis
1032 3543 1214 3608 transeundi
1230 3543 1278 3609 fa·

187 3639 346 3717 cultatem,
359 3640 416 3705 sibi
429 3641 561 3724 suisque,
574 3648 610 3705 ut
625 3648 799 3726 optaverat,
806 3639 881 3728 jura
892 3642 1046 3709 libertatis
1058 3643 1204 3729 indeptus
1219 3653 1277 3710 est.

231 3740 336 3805 XIII.
361 3739 463 3827 Igitur
495 3739 693 3826 Langobardi
726 3742 855 3808 taudem
888 3743 921 3807 in
945 3742 1146 3829 Mauringam
1168 3767 1277 3829 porre-

185 3840 314 3920 nientes,
340 3849 377 3906 ut
400 3840 587 3906 bellatorum
612 3841 730 3926 possint
755 3843 903 3929 ampliare
928 3865 1101 3920 numerum,
1128 3843 1231 3929 plures
1256 3867 1276 3908 a

183 3941 285 4006 servili
305 3939 383 4028 jugo
408 3949 540 4027 ereptos,
566 3940 608 4006 ad
633 3941 786 4008 libertatis
811 3951 928 4008 statum
953 3943 1147 4029 perduouut;
1179 3952 1275 4030 utque

183 4048 253 4105 rata
277 4064 384 4106 eorum
405 4041 512 4108 haberi
538 4048 643 4127 posset
664 4042 799 4120 libertas,
822 4044 964 4109 sanciunt
989 4065 1075 4109 more
1100 4044 1191 4110 solito
1220 4069 1275 4130 per

183 4142 339 4226 sagittam,
357 4141 628 4208 immurmurantes
644 4143 851 4222 nibilominus,
869 4145 909 4209 ob
923 4143 968 4210 rei
983 4143 1173 4223 firmitatem,
1190 4168 1275 4229 quae·

185 4241 258 4305 dam
280 4243 382 4328 patria
403 4242 507 4308 verba.
553 4243 678 4328 Egressi
696 4243 802 4328 itaque
820 4243 1018 4330 Langobardi
1035 4243 1074 4308 de
1093 4244 1272 4330 Mauringa,

183 4342 399 4428 applicueruut
424 4343 455 4408 in
482 4342 634 4421 Golauda,
658 4345 713 4410 ubi
736 4344 894 4428 aliquanto
923 4353 1062 4430 tempore
1092 4345 1273 4410 commorati
1343 4383 1346 4390 ·

182 4440 339 4508 dicuntur.
391 4442 468 4508 Post
497 4444 564 4508 bac
592 4443 734 4509 Autbaib
760 4454 793 4509 et
824 4443 991 4522 Bautbaib,
1019 4445 1087 4529 pari
1120 4443 1213 4510 modo
1243 4453 1275 4510 et
