3150 5136
324 447 348 492 x
595 441 672 497 THE
695 441 876 497 GERMANY
903 442 951 497 OF
975 441 1141 497 stemus

367 601 420 665 Ex
441 600 501 666 bac
523 602 619 688 igitur
644 601 776 666 Soanzia
794 602 905 680 insula,
931 602 1018 686 qnasi
1044 600 1165 665 officina
1188 599 1340 684 gentium,
1358 611 1420 667 aut

325 709 409 764 certe
435 701 520 766 velut
536 703 648 788 vagina
676 703 848 780 nationum,
877 725 949 766 cum
975 725 1048 787 rege
1077 723 1132 766 sno
1156 700 1280 765 nomine
1299 700 1420 768 Berich

323 800 421 864 Gothi
434 802 589 886 quondam
602 811 814 867 memorantur
825 802 957 888 egressi:
982 802 1034 888 qui
1049 808 1085 866 nt
1099 802 1233 886 pn'mum
1248 825 1266 865 e
1280 802 1419 868 navibus

321 910 471 966 exeuntes
494 911 594 968 terras
619 903 761 988 attigere,
783 903 864 967 illico
887 902 955 966 loco
977 923 1090 966 nomen
1113 899 1275 966 dederunt.
1328 901 1419 968 Nam

320 1000 412 1065 hodie
433 1000 505 1082 illio,
527 1009 564 1066 nt
586 1003 692 1079 femur,
717 1002 936 1068 Gothiscanzia
958 1009 1094 1067 vocatur.
1140 1000 1235 1066 Unde
1248 1023 1325 1064 mox
1340 1025 1419 1086 pro-

318 1109 480 1166 moventes
494 1101 534 1167 ed
548 1102 637 1168 sedes
651 1101 903 1187 Ulmemgornm,
920 1102 973 1188 qui
995 1110 1069 1166 tnnc
1092 1099 1209 1166 Oceani
1230 1102 1314 1186 ripas
1335 1103 1418 1168 insi·

319 1200 446 1278 debant,
473 1204 685 1268 castremetati
712 1210 929 1287 mutuosque
955 1201 1118 1267 commisso
1148 1200 1256 1286 proelio
1276 1203 1417 1287 propriis

318 1301 443 1366 sedibus
471 1303 675 1387 pepulerunt:
711 1325 876 1387 eorumque
905 1302 1023 1367 vicinos
1048 1299 1222 1366 Wandalos
1238 1299 1307 1386 jam
1332 1309 1416 1368 tnnc

317 1399 528 1488 subjugantes,
552 1405 614 1468 suis
635 1403 810 1489 applicuere
834 1402 978 1468 victoriis.
1024 1402 1074 1466 lbi
1088 1423 1160 1466 vero
1175 1423 1288 1486 magna
1300 1403 1416 1486 populi

318 1504 540 1568 numerositate
564 1511 728 1580 crescente,
745 1503 839 1566 etiam
861 1525 940 1588 pene
957 1502 1064 1586 quinto
1078 1523 1150 1586 rege
1163 1509 1319 1586 regnante,
1337 1513 1415 1586 post

317 1600 439 1679 Berieh,
458 1601 596 1680 Filimer,
613 1601 676 1667 filio
692 1603 849 1680 Goderiei,
867 1603 993 1668 oonsilio
1017 1601 1110 1678 sedit,
1135 1609 1171 1666 ut
1193 1599 1305 1666 exinde
1334 1625 1413 1666 cunr

316 1700 441 1768 familiis
456 1702 631 1766 Gothorum
643 1711 838 1788 promoveret
851 1703 1015 1768 exercitus.
1047 1702 1108 1784 Qui
1120 1700 1293 1787 aptissimas
1305 1701 1412 1782 sedes,

315 1799 443 1884 locaque
466 1801 541 1867 dum
569 1811 718 1886 qnaererct
745 1825 888 1889 congrua,
915 1804 1055 1888 pervenit
1078 1801 1119 1866 ed
1142 1801 1279 1887 Scythiae
1294 1809 1412 1880 terras,

314 1922 382 1983 qnae
408 1901 514 1987 lingna
538 1924 643 1966 eornm
669 1902 750 1967 Ouin
775 1905 975 1969 vocabantur.
1020 1902 1087 1967 Ubi
1112 1901 1266 1966 delectato
1290 1923 1413 1987 magna

312 1999 456 2065 ubertate
481 2003 640 2088 regionum
665 2004 814 2080 exercitu,
840 2012 872 2068 et
902 2003 1069 2068 medietato
1098 2001 1295 2086 transposita,
1326 2025 1411 2086 pons

313 2098 436 2180 dicitur,
452 2101 534 2166 unde
561 2124 683 2168 amnem
706 2101 917 2190 transjecerat,
941 2102 1155 2168 miserabiliter
1168 2101 1327 2180 comrisse,
1346 2125 1411 2168 nec

313 2199 443 2266 ulterius
457 2199 526 2287 jam
552 2203 695 2287 cuiquam
717 2203 804 2268 licuit
821 2204 876 2281 ire,
891 2211 946 2268 aut
965 2203 1074 2268 redire.
1119 2201 1202 2265 Nam
1215 2201 1242 2264 ie
1255 2200 1352 2278 loeus,
1368 2212 1411 2268 nt

312 2299 421 2378 fertur,
448 2303 588 2368 tremulis
614 2303 779 2388 paludibus
801 2303 945 2389 voragine
968 2299 1166 2388 circumjecta
1187 2300 1407 2367 concluditur:

312 2423 404 2484 quem
420 2412 551 2487 utraque
566 2404 742 2468 confusione
758 2411 871 2468 natura
884 2403 1021 2468 reddidit
1038 2401 1231 2487 impervium.
1276 2400 1409 2466 Verun-

312 2507 417 2566 tamen
444 2503 595 2588 hodieque
616 2503 680 2568 illic
706 2511 738 2569 et
759 2525 850 2568 voces
873 2511 1082 2568 armentorum
1104 2500 1215 2579 audiri,
1233 2508 1265 2564 et
1284 2500 1409 2568 indicia

310 2599 471 2667 hominum
493 2603 690 2689 deprehendi,
714 2603 955 2668 commeantium
977 2602 1195 2678 adtestatione,
1217 2601 1361 2685 quamvis
1382 2625 1407 2668 a

310 2701 400 2788 longo
417 2703 623 2782 audientium,
639 2703 764 2769 credere
780 2704 863 2768 lieet.
908 2703 988 2768 Haec
1001 2704 1097 2790 igitur
1118 2723 1190 2788 pare
1212 2701 1404 2778 Gothorum,

309 2823 377 2885 quea
402 2802 486 2889 apud
510 2803 538 2868 F
540 2804 639 2869 ilimer
660 2804 774 2868 dicitur
794 2805 827 2869 in
842 2811 940 2869 terras
957 2803 1039 2869 Ouin
1048 2824 1178 2868 emenso
1193 2822 1282 2866 amne
1297 2809 1406 2868 trans-

309 2901 422 2986 posita,
443 2911 585 2988 optatum
609 2904 710 2991 potita
729 2903 847 2969 solum:
883 2926 940 2968 uec
964 2925 1069 2968 mora:
1097 2903 1179 2966 illico
1203 2900 1245 2964 ad
1270 2909 1403 2986 gentem

310 3000 474 3085 Spalorum
511 3003 690 3083 adveniunt,
727 3012 926 3088 consertoque
958 3003 1063 3090 proelio
1095 3001 1256 3068 victoriam
1296 3000 1403 3087 adipi-

308 3109 446 3167 scuntur.
490 3104 673 3190 Exindeque
682 3103 750 3192 jam
764 3104 850 3169 velut
868 3106 1000 3169 victores
1013 3103 1054 3168 ed
1069 3109 1242 3168 extremam
1257 3099 1402 3187 Scythiae

306 3209 437 3285 partem,
462 3227 529 3288 quae
560 3205 692 3270 Pontico
718 3205 796 3269 mari
819 3204 922 3268 vicina
949 3212 1005 3283 est,
1031 3210 1217 3289 properant:
1246 3201 1402 3286 quemad-

307 3299 435 3366 modum
457 3313 490 3368 et
514 3304 545 3369 in
569 3305 676 3391 priscis
697 3328 803 3370 eorum
826 3304 1013 3370 carminibus
1029 3325 1108 3388 pene
1121 3301 1267 3368 historico
1284 3301 1348 3365 ritu
1363 3301 1400 3367 in

307 3421 469 3468 commune
491 3405 655 3470 recolitur:
679 3405 762 3490 quod
785 3412 818 3468 ct
842 3404 996 3470 Ablavius
1020 3403 1192 3488 descriptor
1218 3399 1398 3468 Gothorum

305 3501 408 3585 gentis
432 3505 573 3590 egregius
586 3507 745 3571 verissima
768 3505 944 3570 adtestntnr
960 3503 1098 3569 historia.
1145 3501 1183 3566 In
1207 3523 1299 3586 quam
1323 3523 1397 3566 sen·

304 3601 435 3667 tentiam
461 3612 493 3669 et
518 3605 657 3670 nonnulli
683 3627 861 3671 consensere
887 3601 1050 3689 majorum.
1094 3601 1250 3688 Josephus
1272 3623 1397 3685 quoqne

305 3702 462 3768 annalium
485 3705 600 3770 relator
623 3706 806 3783 verissimus,
830 3705 906 3770 dum
931 3705 1045 3788 ubique
1066 3701 1208 3768 veritatis
1230 3710 1395 3766 conservat

305 3803 453 3886 regulam,
469 3813 501 3869 et
526 3805 658 3893 origines
683 3828 843 3872 causarum
864 3827 885 3870 a
904 3804 1054 3890 principio
1069 3802 1210 3880 revolvit,
1225 3801 1291 3865 haec
1305 3823 1393 3879 vero,

303 3923 370 3984 qnae
386 3903 530 3984 diximus,
550 3906 588 3971 de
602 3915 696 3992 gente
713 3906 886 3970 Gothorum
900 3903 1053 3989 principia
1069 3925 1124 3967 cnr
1142 3901 1288 3979 omiserit,
1304 3901 1393 3986 igno-

301 4023 416 4068 ramus.
460 4007 524 4072 Sed
538 4014 643 4072 tamen
658 4008 699 4071 ab
715 4007 857 4072 hocloco
873 4027 977 4069 eorum
994 4003 1120 4088 stirpem
1136 4023 1390 4080 commemorans,

301 4099 436 4188 Scythas
457 4127 510 4171 eos
533 4115 565 4172 et
588 4108 714 4173 natione
739 4119 771 4171 et
794 4105 943 4171 vocabulo
959 4103 1069 4169 asserit
1084 4102 1276 4187 appellatos:
1301 4098 1391 4187 cujus

299 4201 356 4265 soli
374 4204 530 4285 terminos,
546 4215 712 4292 antequem
728 4205 813 4270 aliud
827 4205 869 4270 ad
891 4204 1028 4270 medium
1051 4202 1250 4280 deducamus,
1265 4223 1390 4267 necesse

298 4308 355 4380 est,
371 4305 418 4368 uti
430 4301 567 4391 jaceant,
584 4307 695 4372 dicere.

340 4401 472 4493 Scythia
498 4407 648 4492 siquidem
677 4406 849 4471 Germanice
887 4413 977 4471 terrae
1013 4401 1150 4480 confinis,
1184 4408 1310 4466 eotenus
1332 4402 1388 4468 nbi
