3088 5080
310 405 418 474 cxxiv
583 419 660 475 Tun
685 419 867 475 annum
893 418 942 476 01³
966 419 1132 474 uclws.

311 574 376 639 τῶν
390 571 521 638 τύπων·
547 571 604 637 καί
618 571 683 660 γάρ
703 574 759 638 νῦν
776 569 896 660 έχουσι
919 571 980 652 τὴν
999 570 1124 660 χώραν,
1147 571 1188 654 ἦν
1211 569 1304 659 εἶχον
1325 568 1396 656 τρό-

310 701 415 762 τερον,
438 675 496 741 καὶ
511 674 671 762 ἔπεμψαν
691 682 739 762 τῷ
758 682 801 740 Σε
816 681 911 762 αστῷ
923 673 1038 763 δῶρον,
1061 674 1119 740 τὸν
1133 673 1312 764 ἱερώτατον
1325 699 1387 758 παρ

310 779 425 850 αύτοῖς
441 776 577 858 λέάητα,
593 777 783 862 αἰτούμενοι
807 777 935 863 φιλίαν,
959 777 1017 844 καὶ
1044 777 1233 861 ἀμνηστίαν
1255 780 1321 843 τῶν
1342 775 1396 840 ῦπ-

309 881 498 968 ηργμένων·
522 878 679 970 τυχόντες
699 880 745 956 δὲ,
769 881 815 948 ὧν
835 880 959 965 ἠξίουν,
982 881 1134 970 ἀπῇραν·
1156 885 1291 964 γελοῖον
1312 879 1347 944 δὲ
1360 881 1401 964 τῷ

311 989 452 1073 φυσικῷ,
468 983 525 1050 καὶ
548 983 670 1070 αιάνίφ
685 983 799 1060 πάθει,
815 982 866 1056 δὶς
881 984 1025 1064 έκάστης
1043 984 1168 1071 ἡμέρας
1183 981 1398 1068 συμύαίνοντι,

310 1087 599 1178 ποροργισθέιτας
627 1087 792 1154 ἀπελθεῖν
822 1087 860 1153 ἐκ
883 1088 943 1154 τοῦ
972 1086 1087 1154 τόπου.
1127 1086 1240 1154 Ἔοικε
1262 1085 1298 1152 δὲ
1319 1085 1399 1152 πλά-

311 1217 427 1276 σματι,
443 1191 481 1259 τὸ
497 1189 665 1276 συμάἣναί
676 1216 760 1257 ποτε
773 1190 994 1280 πλημμυρίδα
1016 1188 1311 1280 ῦπεράάλλουσαν·
1336 1189 1398 1256 ἐπι-
1500 1261 1501 1270 ἢ

308 1295 423 1366 τάσεις
436 1297 498 1377 μὲν
511 1294 576 1381 γὰρ
600 1293 656 1360 καὶ
676 1293 807 1366 ἀνέσεις
831 1294 968 1384 δέχεται
986 1294 1188 1377 τεταγμένας
1208 1293 1244 1360 δὲ
1266 1294 1324 1360 καὶ
1345 1318 1395 1359 πε-

304 1396 514 1484 ριοδιζούσας
533 1395 720 1469 ὁὨκεανδς
743 1398 777 1464 έν
798 1402 870 1469 τοῖς
891 1399 1054 1470 τοιούτοις
1075 1397 1231 1464 πάθεσιν.
1275 1395 1398 1462 Ούκεῦ

307 1499 335 1566 δ’
350 1499 418 1568 οὐδ’
434 1500 451 1566 ὁ
468 1501 581 1588 φήσας
599 1501 692 1567 ὅπλα
711 1499 868 1588 αἴρεσθαι
891 1502 977 1588 πρὸς
998 1499 1058 1572 τὰς
1076 1499 1314 1589 πλημμυρίδος
1327 1499 1397 1571 τούς

305 1602 477 1693 Κίμὸρους,
501 1601 569 1670 οὐδ’
603 1605 656 1669 ὅτι
690 1601 834 1690 άφοθίαν
870 1601 904 1668 οἱ
927 1603 1049 1669 Κελτοὶ
1080 1603 1270 1678 ἀσκοῦντες,
1300 1629 1395 1668 κατα·

305 1707 488 1788 κλύζεσθαι
514 1707 574 1779 τὰς
589 1707 697 1779 οἰκίας
712 1706 943 1791 ὑπομένουσιν,
961 1705 1019 1773 εἶτ’
1040 1705 1265 1790 ἀνοιδομοῦσι,
1280 1706 1337 1772 καί
1350 1707 1398 1772 ὅτι

304 1811 433 1877 πλείων
447 1811 561 1881 ούτοῖς
580 1808 755 1895 συμόοίνει
770 1810 895 1897 φθόρος
910 1811 948 1894 ἐξ
963 1809 1091 1886 ὕδατος,
1106 1810 1128 1893 ἢ
1142 1810 1303 1895 πολέμου,
1319 1809 1396 1894 ὅπερ

299 1912 445 2001 Ἔφορός
459 1919 573 1996 φησιν.
616 1911 659 1978 Ἦ
685 1913 751 2001 γὰρ
773 1914 868 1997 τάξις
890 1914 910 1994 ἡ
933 1917 999 1980 τῶν
1022 1913 1274 2001 πλημμυρίδων,
1290 1913 1396 1980 καὶτὸ

302 2017 363 2098 τὴν
377 2017 636 2099 έπικλυζομένην
646 2017 762 2105 χώραν
777 2015 861 2084 εἶναι
875 2018 1049 2106 γνώριμον,
1065 2018 1126 2084 οῦκ
1140 2018 1263 2099 ἔμελλε
1277 2017 1396 2087 ταύτας

303 2120 364 2191 τὰς
386 2120 528 2192 ἀτοπίας
559 2118 725 2205 παρέξειν.
779 2120 839 2192 Δὶς
862 2120 927 2208 γάρ
958 2121 1101 2202 ἑκάστης
1129 2121 1254 2210 ἡμέρας
1281 2120 1396 2186 τούτου

304 2222 551 2308 συμόαίνοντος,
567 2222 604 2289 τὸ
618 2221 694 2307 μηδ’
710 2223 804 2306 ἅπαξ
818 2222 1042 2291 αἰσθάνεσθαι
1058 2224 1205 2309 φυσικὴν
1223 2223 1328 2290 ούσαν
1341 2222 1396 2304 τὴν

302 2327 506 2416 παλίρῤοιον
520 2326 577 2392 καὶ
589 2325 727 2410 ἀθλαέῆ,
743 2327 801 2393 καὶ
817 2327 855 2393 ού
869 2326 983 2411 μάνοις
998 2328 1127 2399 τούτοις
1142 2326 1395 2411 συμάαίνουσαν,

300 2431 394 2498 ἀλλὰ
417 2436 487 2503 τοῖς
509 2430 774 2520 παρακεανίταις
797 2434 895 2506 πάσι,
921 2435 993 2503 πῶς
1017 2432 1077 2498 ούκ
1093 2431 1280 2506 ἀπίθανονς
1312 2427 1396 2496 Οῦδὲ

302 2535 509 2624 Κλείταρχος
525 2534 579 2602 εῦ·
603 2534 689 2620 φησὶ
712 2535 777 2621 γὰρ
798 2532 874 2605 τοῦς
902 2533 1024 2606 ἱππέας
1047 2533 1177 2606 ἰδόντας
1202 2533 1262 2616 την
1277 2530 1395 2620 ἔφοδον

300 2643 360 2706 τοῦ
374 2641 545 2722 πελάγους
560 2637 842 2723 ἀφιππάσασθαι,
858 2637 916 2702 καὶ
931 2638 1114 2726 φεύγοντας
1129 2637 1226 2720 ἐγγύς
1240 2635 1395 2720 γενέσθαι

299 2746 359 2808 τοῦ
382 2741 727 2830 περικαταληφθῆναι.
772 2740 859 2808 Ούτε
882 2738 918 2806 δὲ
943 2742 1093 2826 τοσούτῳ
1116 2739 1215 2829 τάχει
1240 2738 1300 2820 τὴν
1326 2738 1394 2804 έπί-

298 2843 396 2910 ὅασιν
420 2841 587 2930 ὁρωμένην
611 2841 817 2930 ἱστοροῦμεν,
851 2842 945 2908 ἀλλά
969 2843 1163 2924 λεληθότως
1186 2843 1394 2931 προσιοῦσαν

298 2947 358 3028 τὴν
377 2946 574 3012 θάλατταν·
599 2947 675 3013 ούτε
693 2947 732 3013 τὸ
757 2944 832 3012 καθ’
849 2947 974 3032 ἡμέραν
995 2947 1188 3032 γιγνόμενον
1210 2946 1267 3013 καὶ
1288 2950 1395 3013 πᾶσιν

297 3049 438 3116 ἔναυλον
451 3048 514 3131 ἤδη
525 3048 562 3116 ὃν
575 3054 646 3123 τοῖς
656 3051 858 3131 πλησιάζειν
871 3049 1051 3132 μέλλουσι,
1066 3050 1145 3138 πρὶν
1156 3049 1178 3132 ἦ
1188 3048 1394 3125 θεάσασθαι,

297 3157 458 3225 τοσοῦτον
480 3151 605 3236 ἔμελλε
626 3151 834 3239 παρέξεσθαι
854 3149 965 3237 φάέον,
981 3152 1070 3220 ὥστε
1084 3154 1228 3238 φεύγειν,
1252 3154 1296 3226 ὡς
1311 3157 1352 3222 δν
1366 3153 1395 3220 εἰ

300 3255 337 3339 ἐξ
348 3255 512 3337 ἀδοκήτου
526 3255 730 3345 προσέπεσε.

339 3364 453 3428 Ταῦτα
469 3359 504 3426 δὲ
520 3359 654 3431 δικαίως
668 3357 808 3449 ἐπιτιμᾷ
820 3364 892 3432 τοῖς
908 3364 1143 3449 συγγραφεῦσι
1162 3360 1393 3438 Ποσειδώνιος,

298 3463 354 3531 καὶ
378 3465 416 3529 ού
442 3467 551 3534 κακῶς
567 3462 698 3544 εἰκάζει,
714 3463 766 3529 ὅτι
790 3469 970 3549 λῃστρικοί
988 3464 1079 3535 ὄντες
1097 3463 1154 3529 καὶ
1174 3463 1343 3545 πλάνητες
1363 3464 1396 3531 οἱ

298 3566 446 3655 Κίμάροι,
462 3566 518 3633 καὶ
533 3565 635 3655 μέχρι
650 3569 716 3632 τῶν
737 3567 816 3656 περὶ
830 3567 890 3648 τὴν
913 3570 1062 3634 Μαιῶτιν
1075 3568 1275 3648 ποιήσαιντο
1291 3595 1393 3656 στρα-

296 3671 405 3738 τείαν·
429 3669 487 3737 ἀπ’
505 3669 637 3735 ἐκείνων
662 3668 778 3735 δὲκαὶ
802 3669 820 3734 δ
843 3670 1023 3758 Κιμμέριος
1046 3668 1185 3750 κληθείη
1206 3669 1391 3757 βόσπορος,

295 3773 365 3842 οἷον
380 3771 566 3863 Κιμύρικδς,
583 3772 783 3860 Κιμμερίους
804 3770 880 3845 τοὺς
895 3770 1057 3860 Κίμὸρους
1079 3772 1313 3855 ὀνομασάντων
1327 3776 1394 3841 τῶν

291 3876 473 3958 Ἑλλήνων.
518 3876 606 3956 Φησὶ
621 3874 657 3940 δὲ
672 3874 729 3941 καὶ
753 3875 866 3946 Βοίους
887 3875 945 3942 τὸν
965 3875 1135 3962 Ἑρκύνιον
1153 3875 1275 3964 δρυμὸν
1289 3876 1392 3944 οἰκεῖν

292 3979 472 4068 πρότερον·
509 3975 585 4050 τοῦς
613 3977 650 4042 δὲ
679 3975 840 4062 Κίμύρους
867 3977 1078 4067 ὁρμήσαντας
1108 3979 1164 4045 ε’πδ
1201 3979 1259 4047 τὸν
1287 3981 1392 4046 τόπον

294 4088 420 4159 τοῦτον,
436 4080 728 4168 ἀποκρουσθέντυς
746 4082 809 4147 ὑπὸ
825 4085 891 4148 τῶν
910 4083 1013 4148 Βοίων
1036 4081 1093 4149 ἐπὶ
1108 4082 1164 4149 τὸν
1174 4082 1317 4173 Ἴστρον,
1333 4083 1393 4150 καὶ

293 4187 370 4259 τοῦς
393 4184 616 4273 Σκορδίσκους
638 4184 792 4255 Γαλάτας
813 4183 1013 4268 κατούῆναι·
1038 4183 1092 4252 εἶτ’
1120 4186 1176 4252 ἐπὶ
1200 4186 1392 4273 Ταυριστάς

294 4289 578 4379 καὶΤαυρίσκους,
595 4287 652 4352 καὶ
666 4287 801 4360 τούτους
817 4288 991 4361 Γαλάτας·
1009 4287 1066 4355 εἶτ’
1077 4289 1134 4356 ἐπὶ
1144 4290 1390 4372 Ἑλουηττίους,

289 4393 528 4484 πολυχρύσους
542 4392 604 4475 μὲν
619 4389 749 4478 ἄνδρας,
766 4391 950 4481 εἰρηναίους
966 4392 1019 4458 δέ·
1045 4392 1193 4481 ὁρῶντας
1208 4393 1244 4459 δὲ
1269 4393 1325 4460 τὸν
1350 4395 1389 4460 ἐκ
