3088 5080
298 352 448 424 lxxxviii
579 366 655 420 run
677 365 858 421 casurus
881 366 929 423 or
953 366 1119 424 uncinus

299 531 340 596 ub
358 529 578 594 Helvetiorum
592 536 624 594 et
640 528 809 593 Nemetum
829 538 861 595 et
878 529 1092 595 Rauracorum
1110 527 1232 608 finibus,
1247 539 1409 615 rectaque

299 629 436 696 fluminis
468 629 605 696 Danubii
643 628 767 716 regione
806 631 942 715 pertinet
981 630 1023 696 ad
1063 627 1140 697 fines
1169 631 1331 696 Dacorum
1367 639 1407 695 et
1532 653 1533 662 ¹

304 730 491 798 Anartium:
523 728 597 796 hinc
621 751 654 796 se
684 727 783 795 flectit
813 731 1016 808 sinistrorsus,
1043 730 1174 820 diversis
1201 732 1243 796 ab
1269 729 1408 796 flumine

303 831 489 917 regionibus,
504 833 733 917 multarumque
749 832 890 917 gentium
905 829 982 898 fines
1003 839 1130 918 propter
1148 831 1406 918 magnitudinem

304 931 460 1017 adtingit;
492 954 592 1016 neque
613 931 774 1016 quisquam
806 939 853 997 est
877 929 971 1018 hujus
994 917 1179 1009 Germbniae,
1205 933 1258 1016 qui
1284 953 1318 996 se
1343 939 1407 998 out

306 1032 408 1098 adisse
429 1031 471 1096 ad
493 1031 618 1097 initium
635 1029 703 1119 ejus
721 1032 806 1097 silvae
826 1031 921 1110 dicat,
936 1055 1032 1118 quum
1050 1031 1170 1097 dierum
1185 1032 1245 1097 iter
1259 1053 1314 1096 nx.
1330 1054 1408 1117 pro-

307 1131 443 1210 cesserit,
472 1139 527 1198 aut
551 1155 613 1217 quo
640 1156 681 1197 ex
706 1132 772 1196 loco
797 1132 925 1208 oriatur,
951 1132 1115 1218 acceperit.
1168 1132 1274 1198 Multa
1302 1132 1337 1196 in
1362 1155 1407 1196 ea

307 1255 421 1319 genera
443 1232 579 1299 ferarum
600 1234 686 1298 nasci
712 1240 844 1312 condat,
860 1255 929 1318 quae
954 1232 1078 1318 reliquis
1102 1231 1135 1296 in
1159 1231 1234 1298 locis
1248 1231 1316 1298 visa
1339 1253 1407 1298 nou

308 1334 391 1400 sint:
416 1356 456 1398 ex
471 1335 582 1418 quibus
596 1356 664 1417 quae
683 1333 820 1399 maxime
845 1333 989 1400 differant
1011 1333 1052 1398 ab
1068 1332 1179 1398 ceteris
1195 1341 1227 1397 et
1241 1332 1406 1398 memorias

309 1433 470 1520 prodenda
483 1433 659 1512 videantur,
673 1433 742 1498 hec
758 1442 841 1499 sunt.

354 1533 494 1598 XXVI.
518 1533 579 1599 Est
604 1535 660 1600 bos
682 1535 765 1600 cervi
786 1532 895 1621 figura,
919 1533 1007 1620 eujus
1029 1557 1049 1598 a
1070 1533 1175 1599 media
1195 1533 1297 1598 fronte
1320 1533 1409 1598 inter

307 1657 400 1700 aures
424 1656 522 1700 uuum
550 1657 645 1698 comu
670 1634 805 1711 exsistit,
821 1633 972 1700 excelsius
993 1635 1151 1720 magisque
1172 1632 1327 1698 directum
1342 1634 1409 1711 his,

310 1757 379 1824 quse
394 1733 482 1800 nobie
495 1743 572 1799 nota
586 1743 668 1810 sunt,
684 1734 838 1801 cornibus.
883 1734 937 1800 Ab
953 1733 1019 1820 ejus
1033 1756 1162 1812 summo,
1181 1733 1260 1798 sicut
1275 1732 1406 1819 palmae,

311 1835 390 1898 rami
406 1855 500 1917 quam
524 1834 588 1898 late
611 1833 838 1902 diffunduntur.
882 1834 1004 1902 Eadem
1030 1842 1077 1900 est
1099 1834 1221 1899 feminae
1248 1833 1409 1918 marisque

311 1941 433 2011 nutura,
451 1933 560 1999 eadem
574 1933 673 1999 forma
689 1934 931 2022 magnitudoque
945 1955 1104 2001 cornuum.

357 2031 517 2099 XXVII.
544 2033 625 2099 Sunt
661 2035 748 2115 item,
785 2059 854 2120 quae
885 2035 1083 2120 adpellantur
1115 2034 1208 2101 alces.
1278 2034 1411 2100 Harum

313 2141 362 2199 est
388 2133 556 2200 consimilis
581 2133 700 2220 capreis
722 2133 821 2222 figura
847 2144 879 2201 et
906 2136 1040 2202 nanetus
1067 2135 1213 2221 pellium;
1238 2134 1293 2198 sed
1316 2157 1411 2222 mag·
1531 2197 1532 2224 ,

311 2232 454 2300 nitudine
470 2234 574 2320 paullo
589 2236 777 2301 antecedunt
796 2236 974 2321 mutilaque
997 2243 1070 2301 sunt
1096 2234 1238 2300 cornibus
1259 2242 1292 2299 et
1314 2258 1413 2300 crura
1526 2284 1531 2295 .

311 2333 377 2400 sine
391 2333 481 2402 nodis
494 2335 693 2421 articulisque
713 2337 854 2410 habent;
882 2359 980 2421 neque
1005 2335 1118 2421 quietis
1138 2357 1248 2400 caussa
1261 2357 1413 2420 procum·
1527 2366 1533 2428 x

312 2435 401 2513 bunt,
417 2459 527 2522 neque,
544 2437 569 2501 si
584 2461 644 2522 quo
659 2433 794 2502 adflictae
816 2459 889 2502 casu
910 2436 1112 2514 conciderint,
1129 2435 1245 2520 erigere
1265 2457 1330 2500 sese
1349 2445 1411 2501 ant

312 2537 473 2602 sublevare
497 2546 636 2622 possunt.
683 2536 745 2602 His
764 2547 838 2603 sunt
857 2537 982 2603 arbores
1007 2559 1063 2623 pro
1085 2535 1257 2602 cubilibus:
1285 2533 1326 2598 ad
1353 2559 1412 2603 eas

312 2659 344 2702 ss
375 2636 544 2722 adplicant,
576 2645 670 2721 atque
700 2637 755 2714 ita,
780 2638 919 2723 paullum
953 2636 1046 2702 modo
1074 2636 1241 2710 reclinatae,
1268 2635 1413 2720 quietem
1532 2631 1533 2660 ³

311 2736 460 2821 capiunt:
500 2759 631 2820 quarum
663 2759 703 2800 ex
733 2737 872 2823 vestigiis
901 2759 996 2822 quum
1026 2745 1073 2802 est
1103 2735 1355 2802 animadversum
1388 2759 1413 2804 a

314 2835 523 2910 venatoribus,
540 2859 601 2920 quo
616 2859 648 2902 se
671 2837 806 2922 recipere
825 2839 1011 2916 consuerint,
1030 2859 1136 2902 omnes
1158 2859 1194 2901 eo
1209 2837 1276 2901 loco
1293 2843 1351 2900 aut
1366 2837 1413 2902 ab
1531 2855 1532 2864 ¹

312 2934 469 3000 radicibus
490 2935 653 3015 subruunt,
676 2946 731 3004 aut
751 2938 897 3003 accidunt
921 2938 1047 3003 arbores
1071 2945 1205 3014 tantum,
1223 2943 1259 3001 nt
1283 2957 1414 3003 summa

313 3035 430 3119 species
455 3058 561 3100 earum
586 3039 737 3104 stantium
761 3039 963 3123 relinquatur.
1009 3036 1083 3102 Huc
1108 3060 1204 3122 quum
1229 3059 1262 3102 se
1278 3057 1411 3101 eonsue-

314 3134 423 3199 tudine
440 3135 665 3215 reclinaverint,
681 3135 820 3205 Infirmas
839 3139 964 3204 arbores
984 3137 1118 3224 pondere
1137 3135 1290 3223 adfligunt
1310 3144 1411 3222 atque

313 3257 377 3299 uno
390 3235 464 3320 ipsae
480 3235 657 3301 concidunt.

359 3334 537 3400 XXVIII.
563 3335 706 3401 Tertium
726 3345 773 3402 est
792 3361 890 3424 genus
911 3361 1027 3414 eorum,
1043 3339 1096 3423 qui
1120 3339 1168 3403 uri
1194 3337 1405 3423 adpellantur.

316 3433 362 3499 Hi
377 3445 449 3501 sunt
464 3436 679 3520 magnitudine
693 3437 797 3522 paullo
814 3439 894 3504 infra
909 3441 1108 3525 elephantos;
1136 3438 1238 3524 specie
1252 3445 1285 3502 et
1301 3437 1405 3504 colore

314 3543 347 3600 et
378 3533 478 3622 figura
510 3535 604 3602 tauri
664 3537 784 3625 Magna
815 3539 861 3605 vis
889 3562 995 3605 eorum
1024 3548 1056 3605 et
1087 3561 1202 3625 magna
1230 3537 1401 3604 velocitas:

313 3657 412 3720 neque
427 3637 556 3716 homiui,
571 3659 670 3722 neque
687 3639 769 3716 fera,
786 3661 879 3724 quam
902 3639 1128 3726 conspexerint,
1144 3645 1286 3724 pareunt.
1331 3637 1404 3704 Hos

312 3736 450 3803 studiose
478 3735 576 3802 foveis
604 3747 711 3824 captos
739 3737 938 3805 interficiunt.
991 3738 1063 3804 Hoc
1094 3761 1126 3805 se
1156 3739 1260 3804 labore
1286 3737 1403 3802 durant

311 3835 452 3904 homines
473 3835 683 3905 adolescentes
702 3847 795 3925 atque
816 3841 876 3904 hoc
900 3863 1012 3926 genere
1037 3839 1209 3905 venati0nis
1234 3846 1402 3913 exercent;

311 3943 353 4014 et,
379 3938 430 4021 qui
459 3936 608 4022 plurimos
636 3961 676 4004 ex
705 3939 754 4005 his
782 3940 1012 4020 interfecerunt,
1044 3939 1149 4005 relatis
1180 3938 1211 4004 in
1242 3937 1403 4024 publicum

311 4038 463 4115 cornibus,
480 4059 548 4121 quae
571 4037 634 4102 sint
654 4038 841 4117 testimonio,
856 4063 1002 4127 magnam
1027 4041 1131 4106 ferunt
1156 4039 1291 4104 laudem.
1336 4037 1402 4102 Sed

308 4135 489 4204 adsuescere
518 4136 560 4201 ad
588 4137 728 4203 homines
758 4147 789 4203 et
820 4139 1023 4219 mansuefieri,
1053 4163 1092 4206 ne
1124 4138 1244 4226 parvuli
1273 4137 1401 4223 quidem

308 4238 441 4323 excepti,
468 4245 605 4323 possunt.
651 4238 837 4324 Amplitudo
863 4264 1011 4306 cornuum
1040 4249 1072 4305 et
1099 4238 1199 4327 figura
1222 4246 1254 4304 et
1280 4237 1400 4323 species

305 4340 439 4405 multum
466 4361 487 4403 a
508 4346 684 4406 nostrorum
712 4340 804 4406 boum
828 4342 971 4408 cornibus
995 4341 1108 4407 differt.
1154 4339 1235 4405 Haec
1259 4337 1400 4406 studiose
