3088 5080
266 337 356 408 lxxx
538 351 614 407 run
636 349 820 406 ausurus
846 349 895 406 on
919 347 1084 406 ruamus

263 513 389 578 subliom
409 509 503 576 modo
518 509 645 576 derecta
670 510 713 575 ad
735 510 1003 596 perpendiculum,
1019 509 1078 576 sed
1096 531 1194 596 prona
1214 531 1253 576 ac
1274 509 1369 578 fasti·

263 622 349 700 gata,
365 619 401 677 ut
416 609 586 676 secundum
611 619 755 676 naturam
778 608 914 677 fluminis
935 611 1192 697 procumberent:
1220 613 1259 677 iis
1282 612 1368 676 item

265 713 421 778 contraria
438 711 509 787 duo,
527 711 568 776 ad
593 711 738 776 eumdem
762 710 890 776 modum
908 710 1033 799 juncta,
1055 711 1219 778 Intervallo
1243 712 1365 797 pedum

264 813 507 898 quadragenum,
529 811 570 877 ab
585 811 728 876 inferiore
749 819 848 897 parte,
863 820 973 877 contra
1001 812 1066 879 vim
1089 820 1183 896 atque
1205 812 1364 897 impetum

265 911 401 979 fluminis
426 933 574 976 conversa
601 911 771 978 statuebat.
817 911 897 976 Haec
926 920 1058 997 utraque
1084 913 1211 998 iamper
1231 913 1364 998 bipeda·

265 1014 346 1079 libus
370 1012 513 1078 trabibus
538 1011 691 1090 immissis,
711 1020 862 1096 qnantum
888 1034 996 1077 eorum
1026 1013 1185 1097 tignorum
1208 1009 1364 1098 junctura

265 1113 414 1192 distabat,
432 1112 512 1178 binis
539 1111 717 1196 utriumque
745 1109 849 1177 fibulis
867 1112 908 1177 ab
931 1122 1074 1178 extrema
1101 1120 1201 1198 parte,
1230 1112 1363 1178 distine-

263 1215 399 1280 bantur:
423 1213 534 1299 quibus
549 1211 689 1278 disclusis
704 1219 797 1296 atque
812 1211 844 1276 in
859 1211 1046 1278 contrariam
1061 1221 1184 1299 partem
1199 1212 1361 1288 revinctis,

264 1322 356 1382 tanta
371 1321 438 1378 erat
455 1313 556 1399 operis
581 1311 740 1378 firmitudo
761 1321 856 1396 atque
883 1335 921 1378 ea
945 1335 1048 1378 rerum
1074 1321 1199 1388 natura,
1224 1319 1271 1390 nt,
1295 1335 1364 1397 quo

265 1413 365 1504 major
381 1414 427 1480 vis
441 1437 530 1499 aqna
548 1435 580 1479 sc
602 1413 804 1490 incitavisset,
820 1412 879 1477 hoc
904 1411 1003 1479 artius
1026 1413 1146 1498 illigata
1166 1421 1361 1478 tenerentur.

265 1515 345 1581 Haec
370 1515 497 1580 derecta
519 1513 648 1579 materie
665 1511 781 1600 injecta
795 1513 1041 1578 contexebantur
1056 1522 1087 1578 et
1103 1513 1250 1599 longuriis
1265 1514 1362 1578 orati·

263 1615 381 1700 busque
398 1613 694 1689 consternebantur3
719 1636 756 1678 ac
772 1611 871 1678 nihilo
885 1613 984 1679 secius
1001 1613 1127 1678 sublicae
1144 1612 1233 1678 etad
1251 1612 1361 1678 inferi-

265 1738 350 1782 orem
382 1722 503 1800 partem
529 1711 665 1778 fluminis
691 1713 814 1797 oblique
843 1712 1028 1798 agebantur,
1054 1737 1132 1798 quae,
1156 1736 1213 1800 pro
1238 1713 1362 1799 pariete

264 1813 413 1902 subjectae
434 1822 553 1879 etcum
575 1811 659 1877 omni
684 1835 776 1898 opere
798 1810 981 1899 conjunctae,
998 1813 1062 1878 vim
1082 1811 1218 1879 fluminis
1234 1815 1358 1899 excipe-

264 1921 356 1980 rent:
390 1920 421 1979 st
451 1912 519 1978 aliae
549 1914 625 1978 item
657 1935 751 1998 supra
781 1921 909 1999 pontem
935 1912 1084 1980 mediocri
1110 1915 1220 2000 spatio,
1253 1924 1299 1992 ut,
1332 1914 1359 1979 si

265 2015 411 2080 arborum
426 2012 529 2079 trunci
554 2011 618 2078 sive
640 2035 735 2080 naves
752 2011 915 2100 dejiciendi
941 2015 1042 2099 operis
1063 2021 1166 2080 essent
1183 2037 1202 2078 a
1218 2013 1363 2080 barbaris

264 2113 375 2188 missae,
410 2112 460 2180 his
487 2112 700 2180 defensoribus
725 2136 832 2179 earum
860 2136 963 2179 rerum
993 2114 1040 2180 ris
1070 2115 1270 2193 minueretur,
1295 2137 1362 2180 neu

264 2215 352 2302 ponti
371 2221 526 2280 nocerent.

308 2314 449 2384 XVIII.
472 2313 591 2380 Diebus
616 2314 735 2394 decem,
761 2314 873 2398 quibus
898 2313 1030 2379 materia
1052 2323 1154 2400 crepta
1181 2322 1249 2380 erat
1271 2336 1362 2380 com-

264 2415 392 2503 portari,
413 2417 499 2484 omni
521 2439 613 2501 opere
639 2415 760 2493 effecto,
790 2414 944 2480 exercitus
967 2415 1190 2480 transducitur.
1241 2415 1359 2494 Oaesar,

264 2516 307 2584 ad
329 2525 493 2603 utramque
517 2523 638 2602 partem
664 2515 768 2602 pontis
795 2513 883 2580 firmo
910 2515 1054 2600 prasidio
1078 2515 1196 2593 relicto,
1221 2517 1253 2580 iu
1279 2516 1360 2582 fines

265 2617 499 2703 Sigambrorum
524 2615 699 2681 contendit.
745 2614 876 2680 Interim
899 2637 919 2680 a
941 2615 1150 2702 compluribus
1175 2616 1360 2682 ciuitatibus

263 2717 305 2784 ad
331 2739 402 2782 eum
418 2717 515 2802 legati
529 2716 668 2793 veniunt,
685 2714 796 2798 quibus
814 2737 923 2800 pacem
937 2723 1031 2801 atque
1051 2716 1223 2781 amicitiam
1248 2724 1362 2801 peten-

263 2817 349 2882 tibus
360 2816 531 2881 liberaliter
545 2813 705 2900 respondit
720 2813 901 2900 obsidesque
917 2815 1006 2882 adse
1027 2815 1140 2882 adduci
1159 2814 1263 2903 jubet.
1307 2817 1361 2882 At

267 2915 422 3001 Sigambri
444 2937 484 2980 ex
508 2937 544 2979 eo
570 2923 719 3000 tempore,
736 2937 797 2999 quo
819 2938 897 3000 pons
918 2916 1040 2981 institui
1063 2925 1181 3002 coeptus
1205 2924 1263 2994 est,
1280 2916 1360 3002 fuga

263 3023 453 3101 comparata,
469 3015 667 3082 hortantibus
689 3015 739 3091 iis,
757 3039 834 3100 quos
848 3038 889 3080 ex
907 3016 1112 3082 Tenchtheris
1133 3025 1227 3102 atque
1243 3017 1359 3102 Usipe-

264 3115 349 3182 tibus
377 3116 461 3201 apud
495 3137 528 3180 se
558 3115 725 3193 habebant,
760 3113 873 3181 finibus
904 3116 967 3181 suis
1000 3126 1206 3194 excesserant,
1238 3140 1359 3202 suaque

263 3215 368 3281 omnia
398 3223 649 3302 exportaverant,
677 3238 769 3300 seque
794 3215 826 3280 in
855 3215 1054 3282 solitudinem
1081 3240 1118 3282 ac
1148 3217 1241 3285 silves
1265 3217 1363 3284 abdi·

263 3316 384 3382 derant.
1106 3337 1108 3340 ’

306 3417 412 3482 ΧΙΧ.
454 3415 569 3496 (laesar,
597 3438 712 3501 paucos
748 3417 814 3483 dies
845 3416 877 3482 in
915 3440 1022 3482 eorum
1061 3416 1173 3484 finibus
1204 3426 1357 3497 moratus,

262 3517 406 3584 omnibus
427 3517 504 3582 vicis
529 3514 727 3602 aedificiisque
760 3517 892 3583 incensis
917 3517 1140 3603 frumentisque
1163 3519 1298 3597 succisis,
1322 3541 1359 3584 se

261 3618 294 3684 iu
309 3615 385 3683 fines
403 3617 559 3683 Ubiorum
574 3619 710 3704 recepit;
736 3625 830 3702 atque
855 3617 893 3684 iis
915 3618 1067 3686 auxilium
1081 3641 1171 3684 suum
1186 3617 1355 3705 pollicitus,

262 3719 288 3786 si
303 3719 342 3784 ab
361 3718 471 3784 Suavis
485 3727 707 3804 premerentur,
724 3719 790 3783 haec
815 3719 855 3784 ab
872 3719 910 3783 iis
931 3719 1099 3803 cognorit:
1126 3719 1252 3798 Suevos,
1269 3727 1358 3806 post-

262 3841 394 3904 eaquam
414 3841 469 3904 per
490 3819 704 3904 exploratores
720 3827 848 3905 pontem
863 3816 929 3883 lieri
944 3820 1177 3904 comperissent,
1199 3843 1284 3885 more
1299 3842 1356 3884 sun

262 3919 392 3985 concilio
423 3918 540 3995 habito,
566 3920 695 3984 nuncios
721 3919 754 3983 in
779 3941 886 3984 omues
914 3927 1019 4004 partes
1048 3917 1209 3998 dimisisse,
1239 3920 1286 3984 uti
1315 3920 1357 3984 de

261 4019 385 4106 oppidis
414 4018 632 4103 demigrarent,
649 4018 771 4097 liberos,
789 4041 912 4097 uxores,
939 4041 1054 4104 suaque
1077 4021 1182 4086 omnia
1207 4019 1239 4084 in
1262 4019 1358 4086 silvas

261 4120 451 4205 deponerent
477 4126 571 4202 atque
603 4140 719 4195 omnes,
746 4118 798 4204 qui
826 4141 911 4184 erma
938 4118 1018 4185 ferre
1042 4127 1178 4205 possent,
1203 4119 1358 4186 nnumin

261 4221 364 4287 locum
394 4218 616 4285 convenirent:
654 4219 736 4283 hunc
765 4241 831 4285 esse
861 4219 1016 4286 delectum
1046 4219 1185 4285 medium
1216 4219 1279 4284 fere
1310 4243 1358 4285 re-

261 4320 389 4408 gionum
422 4342 539 4398 earum,
572 4340 649 4405 quas
687 4318 781 4388 Sueri
819 4319 1014 4388 obtinerent:
1056 4320 1107 4388 hic
1145 4321 1358 4390 Romanorum
