3226 5088
318 327 366 398 86
593 344 669 402 ιιιιι
692 345 871 402 orsurus
895 343 943 400 or
967 343 1132 402 neonus.

317 498 519 576 profectionem
543 500 605 579 legs
624 502 803 562 confirmant.
844 499 891 560 Ad
910 519 957 560 ess
980 519 1023 559 res
1046 499 1231 560 conficiendas
1250 498 1407 578 Orgetorix

318 596 463 674 deligitur.
506 598 542 668 Is,
564 599 614 659 ubi
638 599 809 678 legationem
831 598 868 658 ad
888 597 1020 657 civitates
1042 598 1173 676 suscepit,
1193 597 1224 656 in
1247 617 1281 656 so
1302 597 1409 656 itinere

318 695 469 770 persuadet
482 694 599 770 Oastioo,
614 696 853 758 Catamantaledis
866 695 934 769 lilio,
948 695 1086 773 Sequano,
1099 695 1180 773 cujus
1192 702 1274 774 pater
1286 715 1408 772 regum

318 791 349 848 in
372 791 510 870 Sequanis
530 795 635 854 multos
657 815 745 854 annos
763 795 935 866 obtinuerat,
954 801 983 852 st
1004 814 1021 853 a
1042 801 1141 852 senatu
1162 793 1262 871 populi
1282 791 1406 851 Romani

318 889 424 947 amicus
442 890 601 968 ndpellatus
619 899 688 964 erat,
702 899 736 952 ut
754 911 874 970 regnum
898 890 929 950 in
950 890 1067 950 civitate
1086 911 1137 949 sua
1155 897 1313 968 oocupsret,
1326 889 1406 966 quod

318 992 400 1063 pater
419 995 486 1047 ante
508 987 666 1050 habuerat:
687 991 813 1067 itemque
834 988 1007 1066 Dumnorigi
1029 987 1134 1061 AEduo,
1152 987 1233 1048 iratri
1257 985 1404 1058 Divitiae,

317 1084 367 1159 qui
381 1104 413 1143 so
428 1092 552 1164 tempore
565 1088 759 1166 principatum
779 1088 810 1146 in
831 1087 950 1146 civitate
969 1086 1116 1146 obtinebat
1135 1105 1168 1146 ac
1187 1086 1313 1144 maxime
1326 1083 1404 1162 plebi

317 1190 448 1260 aceeptus
470 1191 538 1256 erat,
556 1192 591 1246 ut
614 1185 691 1245 idem
713 1193 868 1257 conaretur,
887 1184 1046 1263 persuadet,
1064 1185 1146 1262 eique
1160 1183 1250 1242 filiam
1269 1203 1350 1242 suam
1371 1183 1402 1240 in

318 1280 531 1341 matrimonium
544 1282 602 1341 dat.
643 1282 779 1342 Perfacile
793 1282 870 1341 laetu
880 1301 946 1354 esse,
957 1281 1016 1342 illis
1029 1281 1139 1360 probat,
1148 1287 1249 1340 conata
1261 1279 1403 1358 perlicere,

317 1385 464 1454 propterea
480 1379 556 1456 quod
578 1379 639 1457 ipse
659 1399 718 1438 sum
737 1378 863 1438 civitatis
883 1377 1034 1456 imperium
1057 1376 1224 1436 obtenturus
1237 1383 1325 1436 esset:
1345 1395 1405 1434 non

317 1493 375 1533 esse
389 1473 518 1547 dubium,
533 1477 604 1554 quin
618 1477 707 1536 totius
721 1475 822 1536 Gallie
839 1475 996 1553 plurimum
1010 1473 1138 1534 Helvetii
1151 1479 1281 1552 possent:
1302 1493 1331 1532 se
1344 1473 1404 1532 snis

317 1573 405 1650 copiis
426 1593 534 1650 suoque
558 1573 685 1632 exercitu
706 1573 764 1632 illis
787 1591 876 1650 regna
896 1571 1124 1640 conciliaturum,
1142 1569 1297 1630 confirmat.
1339 1569 1404 1630 Hac

317 1669 445 1729 oratione
458 1669 583 1742 adducti,
598 1671 674 1730 inter
687 1691 715 1730 se
728 1671 814 1730 fidem
827 1677 856 1730 et
865 1669 1069 1750 jusjurandum
1082 1669 1153 1730 dant
1172 1677 1209 1742 et,
1222 1688 1308 1747 regno
1321 1689 1402 1730 oocu-

318 1773 393 1843 pato,
404 1787 455 1846 per
469 1775 525 1826 tres
538 1768 747 1846 potentissimos
760 1789 793 1828 ac
806 1768 980 1827 firmissimos
993 1769 1112 1847 populos
1126 1767 1213 1828 totius
1226 1766 1329 1828 Gallie
1342 1787 1401 1828 sese

316 1863 403 1941 potiri
418 1884 497 1943 posse
511 1872 634 1943 sperant.

357 1959 410 2019 IV.
432 1961 474 2021 Ea
487 1982 531 2021 res
549 1971 582 2022 ut
595 1970 637 2022 est
652 1962 792 2022 Helvetiis
806 1983 856 2042 per
869 1962 1010 2023 indicium
1023 1961 1184 2030 enunciata,
1199 1961 1326 2020 moribus
1337 1962 1396 2020 snis

318 2055 512 2138 Orgetorigem
545 2080 580 2120 ex
609 2060 732 2120 vinculis
763 2080 889 2120 caumam
917 2059 1008 2120 dicere
1034 2065 1203 2138 coegerunt:
1234 2059 1400 2118 damnatum

315 2173 428 2232 pennam
442 2158 521 2235 sequi
535 2159 692 2236 oportebat,
707 2165 741 2217 ut
761 2158 822 2236 igni
841 2164 1019 2217 cremaretur.
1060 2156 1115 2215 Die
1128 2156 1283 2215 constituta
1295 2175 1400 2214 cauma

315 2253 457 2325 dictionis,
468 2254 618 2334 Orgetorix
629 2254 665 2314 ad
676 2254 820 2332 judicium
831 2273 942 2313 omnem
952 2273 1032 2313 suam
1046 2253 1190 2326 familiam,
1201 2253 1237 2312 sd
1251 2252 1399 2312 bominum

316 2351 409 2411 millia
428 2351 532 2424 decem,
552 2352 679 2429 undique
693 2353 784 2430 coegit
805 2362 834 2411 et
857 2371 953 2410 omnes
972 2350 1089 2410 clientes
1112 2350 1306 2428 obseratosque
1327 2369 1399 2421 suos,

315 2467 437 2524 quorum
459 2467 595 2526 magnum
616 2467 768 2510 numerum
788 2447 921 2517 babebat,
934 2447 1031 2507 eodem
1051 2447 1208 2506 conduxit:
1229 2467 1280 2525 per
1297 2467 1350 2519 eos,
1363 2465 1400 2506 ne

314 2565 441 2604 caussam
461 2545 623 2617 dioecetes
645 2545 761 2624 eripuit.
803 2544 899 2616 Quum
923 2545 1030 2618 civitas,
1052 2544 1088 2603 ob
1112 2564 1174 2604 eam
1195 2564 1255 2603 rem
1277 2545 1398 2605 incitata

313 2641 400 2702 armis
414 2642 463 2720 jus
486 2662 570 2701 suum
593 2643 710 2720 exsequi
732 2649 880 2702 conaretur
900 2642 1173 2720 multitudinemque
1195 2641 1342 2702 bominum
1363 2663 1402 2704 ex

313 2739 388 2817 egris
414 2739 596 2816 magistratus
623 2747 761 2816 cogerent,
785 2738 937 2817 Orgetorix
964 2747 1092 2798 mortuus
1119 2746 1181 2800 est:
1208 2759 1300 2817 neque
1322 2741 1401 2800 abest

313 2835 443 2912 suspicio,
458 2842 492 2894 ut
506 2835 633 2896 Helvetii
646 2835 831 2909 arbitrentur,
845 2837 916 2914 quin
930 2837 991 2915 ipse
1003 2837 1058 2896 sibi
1072 2844 1191 2896 mortem
1204 2838 1379 2898 consciverit

353 2933 389 2990 V.
410 2933 477 2992 Post
504 2933 565 3011 ejus
591 2941 712 2992 mortem
738 2933 830 2993 nihilo
853 2935 949 2994 minus
973 2933 1099 2994 Helvetii
1127 2935 1167 3002 id,
1195 2935 1272 3013 quod
1299 2936 1399 2996 consti-

313 3035 436 3103 tuersnt,
459 3029 549 3090 faeere
572 3041 721 3102 conentur,
744 3040 779 3090 ut
803 3051 818 3090 e
844 3031 950 3101 finibus
970 3032 1029 3091 suis
1052 3040 1164 3092 exeant.
1204 3031 1263 3092 Ubi
1286 3033 1347 3112 jam
1370 3053 1402 3092 se

312 3125 348 3185 ad
382 3145 444 3184 eam
477 3147 538 3186 rem
571 3135 683 3206 paratos
715 3147 772 3188 esse
805 3129 937 3188 arbitrati
971 3136 1046 3202 sunt,
1073 3129 1178 3207 oppida
1209 3149 1262 3190 sua
1294 3132 1400 3204 omnia,

313 3241 431 3282 numero
457 3225 494 3284 ad
520 3224 679 3297 duodecim,
704 3225 780 3283 vicos
816 3225 853 3284 ad
880 3226 1110 3304 quadringentos,
1143 3227 1253 3304 reliqua
1285 3229 1398 3307 privata

312 3319 431 3380 aedificis
450 3321 615 3392 incendunt,
635 3321 811 3381 frumentum
830 3343 919 3395 omne,
935 3331 1039 3402 prater
1050 3323 1127 3401 quod
1146 3343 1240 3383 secum
1257 3325 1400 3402 portaturi

311 3423 400 3490 erant,
415 3419 592 3490 comburunt,
611 3426 653 3492 ut,
674 3419 791 3478 domum
812 3420 960 3480 reditionis
980 3441 1029 3500 spe
1048 3421 1168 3490 sublata,
1189 3421 1342 3498 paratiores
1362 3421 1399 3482 ad

312 3514 407 3574 omnia
420 3515 546 3593 pericula
558 3515 706 3576 subeunda
725 3524 835 3576 essent:
856 3517 945 3578 trium
958 3518 1098 3578 meusium
1111 3518 1212 3578 molita
1224 3517 1330 3578 cibaria
1342 3519 1398 3578 sibi

311 3631 452 3689 quemque
470 3613 553 3672 domo
573 3612 670 3672 efferre
685 3613 798 3690 jubent.
841 3613 1014 3676 Persuadent
1033 3616 1167 3674 Rauracis
1180 3622 1209 3674 et
1222 3614 1354 3693 Tulingis
1370 3623 1401 3676 et

314 3709 474 3788 Latobrigis
497 3710 636 3784 finitimis,
657 3712 711 3781 uti,
733 3713 830 3772 eodem
852 3713 895 3772 usi
916 3713 1040 3784 comitio,
1062 3714 1175 3793 oppidis
1195 3713 1253 3774 suis
1273 3713 1401 3791 vicisque

312 3807 429 3878 exustis,
450 3826 508 3868 uns
526 3827 594 3868 cnm
615 3809 651 3868 iis
673 3808 907 3887 proficiscantur:
928 3809 1076 3888 Boiosque‚
1096 3810 1147 3889 qui
1166 3818 1244 3870 trans
1264 3809 1399 3874 Rhenum

311 3903 490 3963 incoluerant
511 3913 539 3965 et
563 3907 595 3964 in
617 3925 718 3983 agrum
739 3905 876 3968 Noricum
899 3909 1070 3970 trsnsierant
1097 3907 1286 3986 Noreiamque
1312 3928 1403 3988 oppu-

309 4007 438 4078 gnarent,
452 4008 576 4079 receptos
589 4002 625 4062 ad
639 4022 668 4062 se
681 4003 768 4062 socios
781 4004 837 4063 sibi
850 4004 1021 4065 adsciscunt.

349 4097 402 4157 VI.
424 4097 514 4157 Erant
535 4100 651 4160 omnino
677 4099 781 4160 itinera
806 4099 871 4172 duo,
899 4103 1003 4178 quibus
1025 4103 1179 4164 itineribus
1204 4103 1289 4164 domo
1318 4104 1399 4164 exire

310 4201 441 4273 possent:
463 4215 553 4254 unum
574 4215 625 4274 per
646 4195 798 4275 Sequanos,
819 4205 973 4277 angustum
993 4207 1022 4259 et
1041 4200 1166 4274 difficile,
1180 4201 1255 4263 inter
1272 4207 1399 4262 montem

308 4289 329 4348 J
331 4311 411 4352 nram
426 4297 455 4352 et
468 4291 573 4354 flumen
584 4290 762 4368 Rhodanum,
772 4295 824 4356 rix
833 4315 892 4374 qus
902 4296 1010 4374 singuli
1023 4299 1095 4360 cerri
1109 4298 1279 4360 duosrsntur
1287 4319 1298 4373 5
1317 4317 1399 4358 mons
