3150 5136
578 445 853 501 EPILEGOMBNA.
1213 436 1260 504 vii

169 603 193 668 '1
205 604 397 693 ηκρίωνες
412 599 538 688 μεταξύ
550 626 587 666 τε
597 601 710 681 Ῥήνου
724 599 780 664 καὶ
790 601 855 664 τῶν
863 597 1060 666 Ἀθνοῶαίων
1074 599 1188 690 ὀρέων·
1205 604 1261 669 καὶ

170 708 220 775 ἔτι
235 709 471 797 Ἰντοῦεριγοι
486 704 542 770 καὶ
557 701 803 790 Οῦαρηίωνες
818 701 874 767 καὶ
889 705 1086 790 Καριτνοί.

215 821 264 879 10.
285 811 355 900 Ὑφ’
381 812 436 882 οῦς
460 807 637 875 Οῦισποὶ
673 806 729 872 καὶ
755 806 776 887 ἡ
802 808 868 871 τῶν
899 803 1099 888 Ἐλουητίων
1135 807 1255 897 ἔρημος

168 915 270 1004 μέχρι
284 919 350 983 τῶν
364 913 540 1004 εἰρημένων
554 909 692 976 Ἀλπίων
709 908 819 994 ὀρέων.

215 1027 263 1084 11.
292 1019 358 1101 Τήν
391 1017 426 1084 δὲ
457 1017 702 1101 παρωκεανῖτιν
730 1011 931 1100 κατέχουσιν
960 1011 1043 1101 ὑπὲρ
1081 1013 1142 1095 μὲν
1181 1014 1256 1086 τοῦς

167 1121 412 1209 Βουσοκτέρους
445 1118 478 1185 οἰ
508 1117 666 1207 Φρίσσιοι
687 1115 789 1204 μέχρι
817 1119 876 1182 τοῦ
908 1113 1063 1199 Ἀμασίου
1091 1122 1253 1201 ποταμοῦ·

165 1228 250 1308 μετὰ
275 1224 309 1290 δὲ
339 1223 475 1295 τούτους
496 1225 624 1310 Καῦχοι
647 1218 681 1284 οἱ
701 1218 814 1306 μικροὶ
836 1218 938 1307 μέχρι
962 1223 1021 1285 τοῦ
1035 1220 1254 1306 Οῦισοῦρηιος

169 1333 333 1411 ποταμοῦ·
351 1325 422 1393 εἰτα
444 1329 572 1414 Καῦχοι
596 1321 630 1389 οἰ
649 1322 777 1406 μείζους
796 1321 899 1409 μέχρι
917 1325 976 1388 τοῦ
1004 1319 1129 1395 Ἄλῶιος
1152 1349 1254 1390 ποτα-

166 1434 245 1514 μοῦ·
269 1431 387 1517 ἐφεξῆς
412 1427 447 1493 δὲ
471 1427 527 1493 ε’πὶ
551 1427 607 1494 τὸν
629 1425 753 1514 αὐχένα
775 1428 832 1507 τῆς
851 1421 1028 1511 Κιμόρικής
1042 1426 1254 1514 Χερσονήσου

168 1534 317 1616 Σόξονες·
340 1532 442 1613 αὐτὴν
464 1529 499 1596 δὲ
522 1529 580 1612 τήν
599 1527 808 1616 Χερσόνησον
831 1528 913 1614 ὑπὲρ
933 1528 995 1610 μὲν
1015 1525 1090 1601 τοῦς
1110 1530 1256 1614 Σάξονος

168 1637 420 1719 Σιηοόλωνες
444 1632 511 1700 ἀπὸ
535 1633 677 1716 δυσμῶν,
699 1629 771 1698 εἰτο
796 1629 1074 1714 Σαίολίηηιοι,
1100 1631 1170 1698 εἰτα
1190 1639 1254 1698 Κο-

169 1737 312 1806 όονδοί

216 1850 265 1907 12.
287 1839 389 1927 ’Υπὲρ
413 1840 468 1910 οῦς
491 1839 630 1913 Χάλοι,
655 1837 711 1903 καί
735 1837 784 1904 ἔτι
818 1837 899 1927 ὑπὲρ
924 1837 1060 1910 τούτους
1089 1836 1253 1921 δυσμικώ-

168 1969 258 2031 τεροι
277 1943 338 2027 μὲν
352 1941 607 2020 Φουνδοῦσοι,
629 1940 905 2027 ἇνατολικῶτεροι
926 1941 961 2007 δὲ
981 1939 1154 2028 Χαροῦδες,
1174 1941 1255 2009 πάν-

168 2073 233 2112 των
249 2046 284 2112 δὲ
298 2046 533 2133 όρκτικώτεροι
550 2043 696 2130 Κίμόροι.

214 2157 262 2215 13.
286 2150 379 2214 Μετὰ
404 2147 439 2214 δὲ
470 2147 546 2218 τοῦς
569 2147 714 2230 Σάξονας
736 2146 882 2213 ἀπὸτοῦ
904 2148 1082 2214 Χαλοόσου
1103 2149 1256 2232 ποταμοῦ

167 2251 270 2341 μέχρι
285 2258 344 2319 τοῦ
359 2250 503 2334 Σουήίου
517 2254 671 2334 ποταμοῦ
686 2249 935 2339 Φαροδεινοί.

213 2364 262 2421 14.
284 2353 367 2421 mm
386 2354 526 2422 Σειδινοὶ
557 2355 659 2443 μέχρι
690 2357 748 2420 τοῦ
766 2351 898 2419 Ἰαδοόα
927 2359 1088 2437 ποταμοῦ,
1106 2355 1162 2421 καὶ
1183 2353 1253 2438 μετ’

170 2459 288 2530 αὐτοὺς
301 2458 517 2526 Ῥουτίκλειοι
538 2457 641 2547 μέχρι
655 2461 714 2524 τοῦ
727 2455 920 2524 Οῦιστοῦλα
939 2461 1100 2539 ποταμοῦ.

214 2569 262 2630 15.
287 2565 360 2628 Τῶν
394 2562 429 2628 δὲ
461 2562 551 2634 ἐντὸς
589 2561 646 2628 καὶ
674 2564 857 2644 μεσογείων
892 2560 992 2628 ἐθνῶν
1019 2560 1165 2643 μέγιστα
1192 2561 1254 2643 μέν

168 2667 242 2730 ε’στι
266 2664 314 2740 τό,
336 2692 372 2732 τε
392 2669 457 2733 τῶν
480 2664 631 2746 Σουήόων
659 2666 724 2730 τῶν
749 2661 932 2747 Ἀιγηειλῶν,
963 2661 999 2728 οί
1024 2662 1108 2729 εἰσιν
1137 2663 1253 2728 ἀνατο-

164 2768 340 2854 λικῶτεροι
355 2772 419 2835 τῶν
433 2767 674 2854 Λαιγιγοόάρδων
688 2768 909 2838 ἀνατείνοντες
931 2766 1014 2854 πρὸς
1036 2766 1095 2838 τὰς
1114 2766 1255 2854 ἄρκτους

165 2871 267 2961 μέχρι
283 2875 347 2938 τῶν
366 2872 479 2956 μέσων
492 2876 552 2938 τοῦ
571 2868 696 2943 Ἄλόιος
719 2874 871 2954 ποταμοῦ
892 2869 948 2936 καὶ
969 2870 1007 2935 τὸ
1026 2873 1090 2936 τῶν
1105 2867 1255 2952 Σουήόων

166 2980 231 3042 τῶν
256 2971 431 3059 Σεμνόνων,
462 2973 579 3047 οἵτινες
609 2972 760 3055 διήκουσι
787 2974 872 3057 μετὰ
901 2973 957 3040 τόν
972 2972 1079 3039 Ἄλόιν
1101 2972 1168 3039 ἀπὸ
1195 2973 1254 3039 τοῦ

168 3079 337 3166 εἰρημένου
350 3080 469 3168 μέρους
483 3077 567 3164 πρὸς
581 3078 747 3148 α’νατολὰς
759 3077 861 3166 μέχρι
876 3080 934 3142 τοῦ
942 3073 1087 3158 Σουήόου
1101 3081 1254 3158 ποταμοῦ

167 3181 224 3247 καί
239 3180 276 3247 τὸ
291 3186 356 3247 τῶν
371 3182 580 3265 Βουηοῦντων
597 3181 639 3246 τὰ
656 3181 773 3268 ἐφεξῆς
788 3181 844 3246 καὶ
859 3179 962 3269 μέχρι
981 3184 1040 3246 τοῦ
1061 3177 1253 3246 Οῦιστοόλα

168 3286 384 3371 κατεχόντων.

213 3390 261 3452 16.
284 3383 476 3454 Ἐλάσσονα
510 3386 545 3453 δὲ
574 3387 651 3468 ἔθνη
688 3385 744 3452 καί
771 3383 898 3470 μετοξῦ
927 3388 1253 3474 κεῖνται-Καυχῶν

165 3489 225 3573 μὲν
250 3492 315 3556 τῶν
335 3493 460 3577 μικρῶν
483 3489 624 3558 καὶτῶν
646 3487 795 3570 Σουήίων
823 3491 1045 3577 Βουσόκτεροι
1065 3488 1098 3556 οἰ
1124 3489 1252 3572 μείζους

167 3591 221 3679 ὑφ’
237 3594 292 3664 οῦς
306 3597 443 3675 Χαῖμοι·
460 3597 600 3682 Καυχῶν
623 3593 658 3660 δὲ
680 3595 747 3660 τῶν
768 3593 923 3676 μειζόνων
944 3593 1084 3661 καὶτῶν
1104 3591 1253 3674 Σουήόων

167 3695 411 3785 Ἀιγηριουόριον

213 3808 262 3870 17.
287 3797 369 3866 Είτα
398 3798 636 3885 Λαιγηοθόρδοι·
675 3798 729 3883 ὑφ’
759 3800 815 3871 οῦς
840 3799 1091 3882 Δουληοῦμνιοι·
1152 3799 1253 3883 Σοζό-

169 3928 230 3969 νων
256 3902 291 3968 δὲ
311 3904 368 3970 καὶ
393 3905 458 3970 τῶν
483 3899 633 3982 Σουήίων
648 3903 964 3989 Τευτανοάρ(ι)οι
989 3902 1045 3968 καὶ
1070 3901 1251 3989 Οῦιροῦνοι,

169 4005 373 4090 Φαροδεινῶν
388 4005 423 4071 δὲ
439 4006 493 4071 καί
511 4001 661 4086 Σουήόων
674 4005 795 4071 Τεῦτο
809 4031 869 4076 νες
884 4005 940 4070 καὶ
950 4004 1109 4095 Αῦαρποι·
1132 4004 1254 4072 Ῥουτι-

170 4107 291 4175 κλείων
306 4109 342 4175 δὲ
357 4109 413 4175 καὶ
428 4110 635 4193 Βουγούντων
648 4107 876 4178 Αἰλουαίωνες.

216 4219 266 4278 18.
289 4212 400 4278 Πόλιν
421 4212 484 4278 ὑπὸ
499 4213 560 4296 μὲν
582 4211 658 4284 τοῦς
673 4211 835 4295 Σέμνονας
858 4209 988 4276 οἰκοῦσι
1001 4210 1169 4294 Σιλίγηαι,
1191 4210 1254 4276 ὑπὸ

172 4315 209 4381 δὲ
224 4313 301 4386 τοῦς
313 4319 514 4398 Βουηοῦντας
533 4315 696 4401 Λοῦγ(ι)οι
722 4314 755 4381 οἱ
772 4313 936 4398 Ὀμαννοί,
953 4312 1006 4401 ὑφ’
1023 4315 1078 4386 οῦς
1092 4315 1257 4396 Λοῦγ(ι)οι

172 4413 206 4480 οἱ
220 4419 344 4482 Δοῦνοι
358 4414 461 4504 μέχρι
475 4418 533 4481 τοῦ
546 4412 789 4504 Ἂσκιόουρηίου
803 4415 907 4500 ὅρους.
