3088 5080
307 381 429 450 lxxxvi
583 398 660 451 run
682 397 863 452 oannxnr
887 395 935 452 or
958 393 1124 452 rxurrus.

305 561 398 625 fuisse
411 559 612 634 arbitrantur,
626 557 773 642 inignem
788 557 934 636 infemnt,
947 558 1042 622 etiam
1057 557 1223 632 animalia;
1241 579 1279 622 ac
1292 555 1406 642 paullo

305 684 399 746 supra
414 661 494 723 hanc
514 657 695 723 memoriam
717 658 797 723 servi
820 667 853 723 et
879 659 1017 737 clientes,
1042 681 1119 742 quos
1143 659 1183 722 ab
1205 657 1246 723 iis
1265 657 1406 722 dilectos

305 783 372 825 csse
388 760 561 836 constabat,
572 756 669 844 justis
684 758 843 823 funeribus
857 758 1015 834 confectis,
1032 781 1094 823 una
1109 758 1339 823 cremabantur.

354 861 438 924 XX.
468 862 544 942 Qum
563 860 707 925 civitates
722 858 913 924 commodius
935 881 1023 924 suam
1037 881 1104 924 rem
1125 858 1282 945 publicam
1298 857 1406 922 admi-

307 961 438 1026 nistrare
462 961 691 1035 existimantur,
717 960 834 1024 habent
853 960 974 1044 legibus
998 967 1150 1039 sanctum,
1178 959 1204 1025 si
1229 959 1298 1044 quis
1324 957 1407 1043 quid

307 1062 346 1124 de
370 1085 402 1126 re
426 1062 550 1146 publica
575 1083 595 1124 a
619 1057 760 1125 finitimis
784 1083 906 1124 rumore
930 1083 967 1124 ac
992 1061 1077 1124 fama
1094 1059 1256 1145 acceperit,
1285 1059 1335 1124 uti
1359 1059 1408 1124 ad

307 1162 524 1248 magistratum
546 1161 676 1239 deferat,
691 1183 769 1224 neve
795 1183 867 1225 oum
892 1183 952 1244 quo
976 1160 1037 1225 alio
1059 1160 1287 1224 communicet:
1313 1159 1407 1244 quod

307 1285 388 1348 saepe
419 1262 559 1327 homines
586 1261 766 1326 temerarios
795 1271 889 1346 atque
914 1261 1079 1346 ¹imperitos
1109 1261 1195 1326 falsis
1223 1260 1407 1326 rumoribus

306 1363 415 1428 terreri
441 1371 473 1428 et
497 1362 538 1428 ad
561 1362 681 1427 facinus
707 1362 824 1447 impelli
848 1360 943 1426 etde
970 1361 1100 1426 summis
1124 1361 1216 1426 rebus
1239 1359 1407 1426 cousssium
1532 1394 1533 1401 κ

308 1485 417 1549 capere
432 1463 592 1548 cognitum
615 1469 672 1528 est.
719 1461 937 1548 Magistratus,
953 1485 1021 1546 quae
1036 1462 1103 1527 visa
1119 1470 1202 1539 sunt,
1218 1461 1403 1535 occultant;

307 1587 436 1648 quaque
453 1585 519 1628 esse
534 1584 574 1626 ex
591 1585 649 1627 usu
656 1561 879 1649 judicaverint,
897 1562 1091 1628 multitudini
1106 1562 1252 1648 produnt.
1298 1561 1351 1626 De
1367 1583 1405 1625 ra

309 1664 434 1748 publica
450 1663 508 1728 nisi
524 1685 579 1747 per
593 1663 756 1727 concilium
772 1663 854 1748 loqui
869 1686 931 1728 non
949 1661 1140 1728 conceditur.

352 1763 456 1827 XXI.
481 1762 630 1826 Gennani
658 1762 794 1828 multum
820 1765 861 1828 ab
888 1763 948 1828 hac
977 1762 1199 1829 consuetudine
1228 1761 1403 1829 differunt:

307 1884 380 1926 uam
401 1885 500 1947 neque
523 1863 659 1928 Druides
679 1863 806 1942 habent,
829 1864 881 1949 qui
902 1865 994 1930 rebus
1015 1862 1128 1930 divinis
1150 1864 1287 1948 praesint,
1303 1885 1408 1948 neque

308 1960 465 2028 sacrificiis
487 1963 625 2028 student.
671 1963 809 2029 Deorum
832 1987 961 2029 numero
986 1987 1039 2029 eos
1064 1963 1144 2030 solos
1171 1963 1300 2040 ducunt,
1323 1987 1405 2048 quos

308 2071 439 2128 cernunt
454 2071 486 2128 et
501 2085 632 2148 quorum
646 2073 753 2149 aperte
765 2065 875 2150 opibus
883 2063 1046 2150 juvantur,
1059 2063 1163 2129 Solem
1179 2072 1212 2129 et
1222 2063 1406 2129 Vulmuum

308 2173 340 2227 et
358 2163 500 2228 Lunam:
528 2164 661 2249 reliquos
677 2187 717 2229 ne
732 2165 816 2230 {ama
827 2165 952 2250 quidem
967 2171 1162 2250 acceperunt.
1207 2163 1287 2238 Vita
1300 2165 1405 2231 omnis

307 2263 340 2328 in
367 2265 585 2330 venationibus
609 2275 701 2350 atque
728 2266 761 2329 in
787 2266 900 2332 studiis
926 2266 971 2332 rei
999 2264 1144 2331 militaris
1168 2263 1328 2330 consistit:
1361 2265 1405 2330 ab

307 2365 443 2449 parvulis
460 2365 557 2430 labori
574 2387 611 2432 ac
633 2365 756 2430 duritiae
775 2366 914 2432 student.
959 2367 1020 2448 Qui
1038 2365 1209 2431 diutissime
1226 2365 1407 2450 impuberes

306 2475 552 2551 permanserunt,
580 2468 752 2532 maximam
774 2468 856 2532 inter
878 2489 950 2532 suos
975 2467 1079 2532 ferunt
1102 2465 1245 2531 laudem:
1273 2465 1335 2530 hoc
1357 2466 1402 2530 ali

306 2574 470 2645 staturam,
492 2567 533 2632 ali
559 2568 618 2633 hoc
639 2567 721 2632 vires
746 2589 917 2652 nervosque
942 2564 1117 2632 confirmari
1142 2573 1266 2652 putant.
1311 2564 1407 2632 Intra

306 2689 422 2731 annum
435 2690 508 2732 vero
522 2667 702 2731 vicesimum
714 2667 836 2732 feminac
845 2668 990 2732 notitiam
1003 2666 1157 2745 habuisse,
1172 2667 1205 2731 in
1214 2666 1405 2752 turpissimis

306 2766 424 2831 habent
440 2767 552 2840 rebus;
577 2763 665 2852 cujus
681 2767 725 2830 rei
740 2767 823 2832 nulla
836 2774 882 2833 est
897 2767 1077 2846 occultatio,
1092 2766 1174 2852 quod
1183 2775 1216 2831 et
1227 2766 1405 2852 promiscue

306 2866 339 2929 in
367 2863 546 2930 fluminibus
575 2865 767 2950 perluuntur,
796 2875 828 2932 et
855 2869 987 2954 pellibus
1014 2875 1069 2934 aut
1094 2868 1199 2953 paruis
1226 2868 1404 2932 rhenonum

307 2965 487 3049 tegimentis
500 2973 642 3041 utuntur,
658 2989 773 3053 magna
789 2968 924 3055 corporis
941 2977 1030 3053 parte
1044 2966 1139 3033 nuda.

353 3064 475 3133 XXII.
503 3065 714 3152 Agriculturae
742 3091 805 3133 non
837 3068 984 3145 student;
1016 3067 1175 3156 majorque
1200 3089 1273 3154 pars
1299 3067 1404 3134 victus

308 3188 413 3231 eorum
437 3166 470 3230 in
495 3167 586 3246 lacte,
609 3190 710 3244 caseo,
726 3191 818 3234 carne
840 3169 999 3236 consistit:
1023 3191 1122 3254 neque
1148 3169 1310 3253 quisquam
1333 3169 1406 3254 agri

307 3266 435 3330 modum
453 3275 572 3332 certum
587 3277 642 3334 aut
664 3266 740 3335 fines
761 3270 856 3334 habet
879 3271 1037 3355 proprios:
1066 3269 1121 3336 sed
1143 3269 1345 3354 magistratus
1366 3291 1407 3334 ac

308 3367 462 3451 principes
476 3368 508 3432 in
531 3389 628 3433 annos
649 3370 786 3456 singulos
810 3370 956 3456 gentibus
981 3369 1276 3455 cognationibusque
1300 3368 1406 3434 homi-

306 3489 392 3542 num,
410 3468 462 3552 qni
485 3491 548 3532 uua
570 3469 710 3546 coierint,
726 3479 887 3556 quantum,
911 3478 943 3535 et
964 3493 1025 3555 quo
1045 3472 1114 3536 loco
1131 3471 1233 3536 visum
1255 3476 1315 3546 est,
1333 3470 1405 3556 agri

306 3565 491 3632 adtribuunt
517 3576 612 3653 atque
637 3593 718 3634 anno
742 3579 812 3657 post
837 3571 899 3636 alio
922 3572 1054 3637 transire
1077 3578 1204 3656 cogunt.
1249 3567 1329 3656 Ejus
1356 3569 1404 3634 rei

305 3668 422 3734 multas
452 3668 597 3734 adferunt
631 3693 774 3748 caussam
807 3695 858 3750 ue,
889 3671 1022 3736 adsidua
1052 3670 1274 3736 consuetudine
1303 3671 1402 3754 capti,

306 3769 446 3833 studium
460 3768 532 3833 belli
553 3771 685 3856 gerundi
707 3771 896 3857 agricultura
917 3780 1131 3845 commutent;
1160 3793 1200 3836 aa
1221 3771 1302 3836 latos
1323 3767 1404 3836 fines

305 3890 414 3952 parare
436 3868 585 3935 studeant
606 3873 855 3957 potentioresque
877 3872 1057 3938 humiliores
1078 3871 1320 3958 possessionibus
1345 3893 1404 3935 ex·

253 4027 258 4038 ,
305 3968 445 4052 pellaut;
483 3993 523 4034 ne
556 3970 735 4037 adcuratius
768 3973 809 4036 ad
845 3972 961 4058 frigora
996 3980 1091 4057 atque
1128 3980 1223 4038 astus
1253 3969 1404 4036 vitandos

305 4066 481 4145 aedificeut;
522 4092 562 4134 ne
598 4093 660 4155 qua
690 4072 808 4138 oriatur
839 4072 976 4158 pecunia
1006 4073 1170 4160 cupiditas,
1203 4095 1265 4157 qua
1294 4093 1335 4135 ex
1365 4093 1402 4136 re

302 4168 453 4234 factiones
476 4170 738 4257 dissensionesque
764 4181 951 4249 nascuntur;
980 4181 1016 4238 nt
1041 4174 1138 4239 animi
1161 4173 1309 4258 aeqnitato
1331 4171 1400 4256 ple·

301 4269 373 4332 bem
398 4271 587 4352 contineant,
607 4295 701 4358 quum
727 4297 798 4340 suas
825 4275 952 4360 quisque
977 4297 1052 4362 opes
1077 4297 1148 4341 cum
1172 4271 1400 4360 potentissimis

301 4371 416 4456 aequari
432 4371 547 4438 videat.
639 4407 647 4418 ,
