3088 5080
565 442 859 502 PROLEGOMENA.
1135 426 1264 496 lxxxix

166 609 339 694 conquisita
363 605 403 672 ab
424 604 519 672 labris
543 612 673 690 argento
688 601 937 670 circumcludunt
952 609 1047 686 atque
1063 601 1095 666 in
1110 600 1264 686 amplissi-

167 712 227 776 mis
241 709 340 797 epulis
354 730 410 794 pro
425 704 544 792 poculis
558 712 700 770 uturrtur.

419 957 505 1039 §xx
529 978 682 1020 neuturus
705 977 769 1020 sun
791 975 1005 1021 uxaononuus.

213 1107 308 1173 After
323 1106 502 1174 Ariovistus
524 1108 555 1174 in
569 1107 658 1193 point
673 1106 710 1171 of
721 1107 809 1184 time,
824 1107 882 1172 but
900 1105 1003 1172 before
1019 1104 1132 1169 himin
1147 1104 1264 1191 promi-

170 1230 266 1273 nence
281 1208 344 1272 and
360 1208 566 1294 importance,
590 1229 678 1273 come
702 1207 756 1272 the
771 1216 836 1272 two
852 1215 943 1293 great
968 1205 1133 1282 Germane,
1156 1204 1263 1270 Armi·

170 1309 240 1374 nius
278 1308 340 1374 and
369 1308 604 1384 Maroboduum
642 1307 828 1393 concaming
851 1309 954 1373 whom
984 1307 1039 1372 the
1063 1305 1150 1370 chief
1175 1312 1264 1371 texts

169 1432 222 1474 are
246 1408 326 1473 from
343 1407 484 1474 Velleius
508 1408 694 1474 Paterculus
723 1408 788 1474 aud
802 1407 931 1473 Tacitus
947 1405 1081 1472 himself.
1141 1405 1157 1470 I
1184 1404 1265 1470 shall

170 1509 295 1594 append
312 1517 346 1573 to
361 1511 449 1575 these
467 1507 635 1575 Niebuhr's
658 1516 793 1574 account
808 1509 845 1573 of
866 1507 920 1572 the
945 1529 1029 1572 seme
1052 1513 1169 1585 events,
1185 1529 1220 1572 as
1238 1506 1264 1571 it

171 1609 279 1675 stands
296 1609 328 1674 in
344 1609 403 1674 Dr.
420 1609 586 1675 Schmitz's
609 1609 728 1675 edition
755 1610 792 1675 cf
809 1609 858 1674 his
881 1608 1040 1685 Lectures,
1067 1607 1143 1672 such
1169 1605 1265 1692 being

171 1710 225 1775 the
247 1710 317 1775 best
333 1733 405 1796 way
420 1719 454 1776 to
477 1731 620 1795 compare
650 1711 705 1775 the
731 1708 878 1774 evidence
900 1709 932 1773 in
953 1709 994 1774 its
1016 1707 1111 1772 crude
1135 1706 1199 1772 and
1221 1707 1265 1772 its

171 1809 393 1895 systematized
423 1810 513 1874 form.
557 1809 625 1875 The
650 1809 798 1876 criticism
823 1833 907 1896 upon
935 1809 989 1874 the
1010 1807 1110 1874 whole
1128 1806 1191 1872 will
1223 1808 1262 1873 be

172 1908 268 1973 found
285 1910 318 1974 in
333 1908 387 1974 the
402 1909 487 1996 body
504 1910 541 1975 of
551 1909 606 1976 the
623 1911 720 1975 work.

577 2105 665 2146 VELL·
683 2105 810 2147 exuam.
825 2106 859 2152 ΙΙ.

224 2204 637 2294 cv111.Nihi1eratjam
664 2207 696 2270 in
724 2205 903 2284 Germania,
931 2209 1015 2292 quod
1041 2209 1122 2274 vinci
1148 2216 1263 2296 posset,

173 2315 286 2392 praeter
318 2315 446 2393 gentem
477 2305 796 2381 Marcomannorum
836 2331 913 2392 qua,
954 2309 1150 2375 Maroboduo
1183 2309 1262 2375 duce

174 2407 278 2474 excita
306 2407 431 2473 sedibus
462 2409 537 2484 suis,
570 2415 664 2492 atque
691 2406 725 2470 iu
747 2406 896 2471 interiora
918 2409 1083 2494 refugiens,
1110 2409 1263 2475 incinctos

175 2507 338 2593 Hercynia
360 2508 439 2574 silva
458 2530 584 2594 campos
601 2507 766 2572 incolebat.
812 2506 908 2572 Nulla
923 2508 1081 2575 festinatio
1098 2507 1190 2596 hujus
1205 2511 1264 2575 viri

173 2607 363 2674 mentionem
387 2609 564 2695 transgredi
587 2609 690 2674 debet.
751 2607 976 2688 Maroboduus,
1001 2631 1115 2694 genere
1142 2609 1265 2687 nobilis,

172 2731 298 2793 corpore
314 2710 493 2794 prevalens,
515 2709 619 2774 animo
642 2708 740 2786 ferox,
762 2707 889 2773 natione
910 2709 1010 2795 magis
1035 2709 1265 2793 quam·ratione

172 2808 332 2886 barbarus,
351 2831 413 2874 non
428 2809 677 2887 tumultuarium,
701 2831 800 2893 neque
814 2810 988 2888 fortuitum,
1003 2831 1103 2894 neque
1118 2809 1264 2875 mobilem

173 2917 269 2974 etex
293 2909 453 2975 voluntate
477 2911 653 2994 parentium
679 2916 873 2974 constantem
901 2908 983 2976 iuter
1006 2932 1078 2976 suos
1101 2909 1265 2997 occupavit

172 3008 402 3094 principatum
440 3009 505 3088 sed,
539 3019 658 3076 certum
691 3009 855 3094 imperium
883 3011 1008 3096 vimque
1037 3011 1154 3098 regiam
1182 3032 1265 3075 com-

173 3109 283 3195 plexus
297 3110 411 3186 auimo,
427 3110 549 3188 statuit,
567 3117 699 3176 avocata
718 3109 824 3194 procul
838 3132 859 3175 a
874 3109 1023 3176 Romanis
1036 3121 1129 3196 gente
1144 3133 1209 3191 sua,
1228 3133 1266 3175 eo

173 3210 326 3295 progredi,
350 3209 415 3286 ubi,
442 3233 513 3275 cum
537 3219 663 3297 propter
691 3209 868 3296 potentiora
896 3233 984 3276 arma
1007 3211 1180 3298 refugisset,
1209 3235 1266 3277 sua

171 3311 287 3375 faceret
302 3310 527 3396 potentissima.

217 3409 309 3475 clx.
334 3409 503 3496 Occupatis
532 3409 637 3497 igitur,
662 3433 739 3494 quos
766 3410 977 3496 prediximus,
1006 3411 1093 3488 locis,
1117 3409 1266 3478 finitimos

173 3533 280 3576 omues
306 3522 363 3576 aut
393 3510 474 3575 bello
500 3509 630 3589 domuit,
658 3518 715 3574 aut
743 3511 972 3577 conditionibus
992 3509 1075 3598 juris
1098 3511 1145 3577 sui
1169 3511 1263 3576 fecit:

173 3633 285 3697 corpus
301 3633 393 3677 sunm
408 3611 550 3676 custodia
564 3609 715 3675 munivit:
741 3611 915 3697 imperium,
934 3611 1092 3698 perpetuis
1109 3633 1266 3678 armorum

173 3710 330 3777 exercitiis
359 3711 529 3795 (exercitu)
562 3733 649 3796 paene
680 3711 722 3776 ad
753 3711 904 3777 Romana
936 3711 1106 3798 disciplinae
1133 3711 1266 3778 formam

172 3812 309 3890 redacto,
327 3811 413 3877 brevi
429 3811 462 3876 in
477 3811 614 3877 eminens
630 3818 663 3876 et
677 3818 783 3878 nostro
804 3834 925 3898 quoque
945 3813 1075 3898 imperio
1092 3811 1267 3878 timendum

173 3911 320 3997 perduxit
345 3911 527 3998 fastigium
567 3910 755 3997 gerebatque
783 3935 815 3978 se
846 3912 893 3978 ita
917 3911 1065 3978 adversus
1096 3913 1265 3992 Romanos,

174 4020 210 4076 ut
243 4035 343 4096 neque
376 4013 457 4077 bello
495 4033 551 4078 nos
582 4011 756 4090 lacesseret,
782 4021 826 4090 et,
857 4013 883 4078 si
914 4013 1125 4092 lacesseretur,
1157 4036 1265 4100 super-

174 4133 241 4176 esse
268 4112 327 4177 sibi
354 4113 418 4179 vim
449 4136 487 4177 ao
512 4113 707 4178 voluntatem
738 4112 901 4178 resistendi
934 4113 1154 4198 (ostenderet).
1206 4113 1267 4179 Le-

173 4212 250 4297 gati,
290 4234 366 4295 quos
401 4213 547 4278 mittebat
580 4212 623 4278 ad
661 4211 810 4290 (laesores,
840 4212 998 4280 interdum
1030 4223 1067 4280 ut
1095 4214 1265 4300 supplicem

174 4312 443 4390 commendabant,
476 4313 634 4380 interdum
663 4322 701 4379 ut
731 4336 787 4400 pro
819 4315 886 4400 pari
920 4313 1136 4399 loquebantur.
1181 4313 1267 4378 Gen-

175 4411 260 4478 tibus
288 4411 522 4498 hominibusque
548 4437 568 4478 a
595 4413 683 4480 nobis
709 4415 951 4482 desciscentibus
982 4424 1050 4482 erat
1079 4413 1162 4501 apud
1194 4437 1266 4479 eum
1325 4460 1328 4471 ·
