3088 5080
285 331 340 398 cvl
561 345 637 400 ἸἮΕ
659 343 842 400 GERMANY
865 342 912 397 OF
937 341 1103 398 TACl'l'US.

282 503 401 589 pudore
429 503 550 591 fiagitii,
576 504 641 570 sine
668 525 742 568 cura
758 502 884 581 ducum,
906 501 1002 580 abire,
1018 501 1146 587 fugere:
1170 501 1299 586 pavidos
1323 501 1380 566 ad-

281 605 399 678 versis:
423 604 506 670 iuter
519 604 664 682 secunda,
681 625 744 668 non
760 603 866 680 divini,
885 625 947 668 non
966 603 1094 668 humani
1107 600 1191 688 juris
1215 623 1380 668 memores.

282 703 317 767 Si
340 705 434 770 taedio
456 705 577 770 viarum
607 728 644 770 ac
671 703 766 768 maris
791 701 884 768 finem
911 703 1048 789 cupient,
1075 701 1134 768 hac
1157 702 1224 767 acie
1250 703 1376 788 parari:

281 805 456 888 propiorem
474 801 544 890 jem
560 805 678 885 Albim,
710 825 803 889 quam
821 803 987 868 Rhenum:
1011 825 1111 888 neque
1138 803 1255 868 bellum
1282 803 1377 879 ultra,

280 904 374 969 modo
400 927 433 970 se
450 904 547 991 patris
563 905 726 992 patruique
744 903 876 989 vestigia
893 911 1096 989 prementem,
1111 903 1222 970 iisdem
1236 903 1270 968 in
1284 904 1378 969 terris

282 1003 431 1070 victorem
444 1005 619 1072 sisterent.''
664 1005 847 1070 Orationem
863 1003 951 1070 ducis
967 1012 1094 1070 secutus
1108 1003 1242 1069 militum
1257 1004 1374 1078 ardor:

279 1104 463 1191 signumque
484 1128 598 1192 pugnae
616 1107 738 1172 datum.

324 1205 408 1270 XV.
445 1205 511 1271 Nec
541 1206 714 1283 Arminius,
749 1215 805 1272 aut
834 1204 929 1272 ceteri
963 1203 1191 1270 Germanorum
1232 1227 1378 1291 proceres

278 1306 468 1372 omittebant
482 1329 554 1373 suos
571 1307 699 1392 quisque
710 1307 837 1372 testari:
862 1311 882 1343 “
895 1303 966 1370 Hos
982 1327 1049 1370 esse
1064 1304 1223 1370 Romanos
1240 1303 1375 1370 Variani

279 1406 434 1474 exercitus
460 1407 682 1494 fugacissimos,
705 1407 758 1492 qui
780 1429 820 1472 ne
848 1406 965 1472 bellum
989 1405 1168 1483 tolerarent,
1187 1405 1375 1470 seditionem

278 1505 454 1574 induerint:
480 1531 611 1592 quomm
632 1531 705 1594 pers
727 1515 840 1573 onusta
856 1505 1034 1572 vulneribus
1054 1513 1189 1591 tergum,
1203 1528 1276 1591 pare
1296 1504 1376 1571 flnc-

276 1606 361 1674 tibus
397 1617 430 1674 et
460 1608 603 1694 procellis
637 1609 754 1674 fractos
784 1625 881 1685 enus,
908 1606 1037 1672 infensis
1066 1629 1189 1671 rursum
1217 1606 1373 1685 hostibus,

277 1705 415 1775 adversis
431 1708 502 1784 diis,
519 1706 678 1794 objiciant,
690 1709 776 1773 nulla
790 1708 863 1773 boni
878 1729 944 1793 spe.
974 1706 1112 1773 Classem
1127 1705 1240 1792 quippe
1255 1715 1288 1772 et
1301 1708 1378 1772 avia

277 1805 395 1872 Oceani
423 1809 562 1894 quaesita,
594 1832 634 1874 ne
661 1807 730 1894 quis
757 1808 954 1874 venientibus
982 1815 1168 1885 occurreret,
1197 1829 1236 1871 ne
1264 1807 1373 1892 pulsos

275 1917 449 1991 premeret:
473 1908 528 1974 sed
553 1909 606 1975 ubi
629 1909 808 1974 miscuerint
826 1931 948 1982 manus,
972 1907 1064 1972 inane
1091 1906 1181 1973 victis
1204 1917 1372 1973 ventorum

275 2029 492 2094 remorumque
507 2009 687 2075 subsidium.
717 2009 938 2076 Meminissent
954 2007 1048 2073 modo
1067 2007 1217 2084 avaritiae,
1235 2008 1373 2074 crudeli-

275 2108 361 2187 tatis,
380 2110 552 2196 superbiae:
578 2110 663 2176 alind
682 2111 743 2176 sibi
761 2110 922 2194 reliquum,
938 2130 1032 2194 quam
1049 2115 1154 2172 tenere
1178 2107 1370 2185 libertatem,

275 2217 331 2272 aut
348 2210 427 2274 mon'
444 2218 517 2276 ante
532 2211 693 2276 servitium
703 2211 741 2276 l”

319 2308 421 2376 XVI.
445 2309 497 2376 Sic
514 2334 659 2378 accensos
685 2319 718 2377 et
745 2311 886 2398 proelium
906 2316 1069 2396 poscentes
1090 2308 1121 2373 in
1144 2331 1299 2394 campum,
1317 2311 1371 2375 cni

273 2407 442 2477 Idistaviso
467 2434 589 2492 nomen,
619 2413 797 2479 deducunt:
839 2410 866 2476 is
891 2409 1012 2476 medius
1040 2411 1122 2476 inter
1144 2408 1306 2495 Visurgim
1336 2419 1370 2475 et

272 2510 374 2590 colles,
408 2512 543 2599 ut,ripae
572 2512 708 2579 fluminis
733 2511 861 2587 cedunt,
891 2517 947 2576 aut
974 2510 1181 2596 prominentia
1209 2511 1370 2575 montium
1491 2581 1492 2584 Ἴ

271 2611 430 2690 resistunt,
448 2611 642 2697 iuaequeliter
662 2614 821 2679 sinuatur:
846 2634 926 2697 pone
942 2618 1065 2697 tergum
1082 2610 1262 2697 insurgebat
1276 2609 1367 2690 silve,

273 2711 366 2776 editis
389 2712 422 2775 in
447 2713 547 2778 altum
572 2713 677 2789 ramis,
696 2721 729 2777 et
750 2735 828 2799 pura
850 2713 945 2777 humo
968 2711 1050 2776 iuter
1064 2712 1210 2777 arborum
1227 2719 1369 2777 truncos.

273 2809 427 2896 Oampum
450 2820 482 2876 et
504 2813 605 2897 prima
626 2813 783 2892 silvarum,
799 2812 935 2878 barbara
959 2812 1041 2878 ecies
1061 2812 1183 2876 tenuit:
1210 2811 1267 2876 soli
1285 2811 1369 2878 (lhe-

269 2911 351 2975 rusci
367 2909 448 2996 juge
472 2911 623 2988 insedere,
639 2922 675 2978 ut
690 2913 902 2999 proeliantibus
917 2912 1067 2978 Romanis
1084 2912 1216 2998 desuper
1229 2911 1368 2978 incurre-

270 3018 350 3076 rent.
402 3010 517 3078 Noster
544 3015 699 3080 exercitus
727 3013 771 3080 sic
795 3013 941 3080 incessit:
973 3012 1140 3079 auxiliares
1164 3011 1258 3092 Gelli,
1285 3011 1367 3078 Ger-

270 3110 416 3195 manique
432 3112 465 3176 in
479 3112 601 3180 fronte:
626 3123 697 3200 post
711 3137 789 3200 quos
806 3113 927 3200 pedites
942 3113 1116 3198 segittsrii:
1142 3112 1214 3178 dein
1229 3121 1367 3198 quatuor

269 3208 414 3295 legiones,
444 3220 477 3278 et
506 3235 577 3279 cum
612 3214 733 3281 duabus
759 3213 912 3301 praetoriis
943 3214 1132 3295 cohortibus,
1165 3235 1203 3279 ec
1239 3212 1365 3280 delecto

270 3310 374 3394 equite
389 3311 515 3386 Oaeser:
543 3315 615 3380 exin
647 3315 780 3380 totidem
805 3314 874 3379 eliae
895 3313 1040 3400 legiones,
1059 3322 1092 3380 et
1106 3314 1183 3380 levis
1202 3323 1367 3381 armature

269 3433 339 3475 cum
355 3414 459 3497 equite
473 3414 646 3499 sagittario,
664 3424 835 3499 ceteraeque
850 3414 1003 3481 sociorum
1018 3416 1171 3480 cohortes.
1216 3413 1366 3482 Intentus

267 3520 454 3597 paratusque
469 3514 567 3593 miles,
584 3525 619 3581 nt
636 3516 712 3581 ordo
726 3513 860 3602 agminis
875 3515 908 3579 in
925 3515 1024 3580 aciem
1041 3515 1216 3581 adsisteret.

318 3612 441 3679 XVII.
477 3613 562 3681 Visis
594 3615 820 3682 Cheruscorum
855 3616 998 3690 catervis,
1028 3640 1098 3700 quae
1127 3639 1182 3702 per
1212 3617 1362 3682 ferociam

267 3723 482 3800 proruperant,
498 3716 704 3783 validissimos
726 3717 867 3803 equitum
889 3714 1044 3782 incurrere
1064 3717 1157 3795 letus,
1175 3717 1362 3782 Stertinium

268 3836 339 3878 cum
354 3815 465 3880 ceteris
480 3816 591 3882 turmis
613 3816 825 3902 circumgredi,
841 3825 990 3902 tergaque
1007 3817 1154 3883 invadere
1169 3815 1271 3903 jubet,
1293 3819 1362 3902 ipse

267 3913 300 3978 in
315 3924 454 4001 tempore
468 3916 643 3982 sdfirturus.
688 3917 814 3982 Interea
838 3917 1080 4002 pulcherrimum
1096 3919 1272 4004 augnrimn,
1288 3926 1362 3984 octo

194 4037 200 4050 ·
266 4015 377 4099 aquilae
397 4024 503 4102 petere
529 4017 632 4096 silvas,
651 4024 683 4081 et
696 4017 814 4082 intrare
831 4017 915 4096 visae,
930 4019 1150 4105 imperatorem
1174 4019 1359 4085 advertere:

267 4115 435 4193 exclamat,
461 4123 481 4152 “
494 4117 592 4197 Irent,
611 4126 812 4202 sequerentur
826 4117 985 4184 Romanas
1011 4141 1094 4195 aves,
1111 4121 1237 4205 proprie
1262 4119 1362 4205 legio-

267 4237 342 4281 num
357 4216 516 4283 numine.'‘
567 4217 666 4283 Simul
682 4218 834 4304 pedestris
858 4218 940 4285 ecies
959 4218 1110 4294 infertur:
1136 4227 1169 4284 et
1184 4219 1362 4305 praemissus

264 4339 367 4402 eques,
391 4325 564 4405 postremos
586 4341 623 4385 ac
646 4320 746 4385 latera
770 4319 904 4405 impulit.
967 4319 1147 4404 Mirumque
1175 4320 1271 4398 dictu,
1295 4318 1359 4384 duo
