3088 5080
24 1099 202 1325 κ

301 413 381 482 xcvi
576 425 653 480 nnn
675 423 859 480 ennurnv
881 422 930 479 or
953 424 1120 481 merrus

301 589 410 668 vincia,
429 589 603 674 pollicetur.
655 587 839 653 Exercitum
856 585 992 665 reduxit,
1010 609 1182 674 nomenque
1199 589 1404 676 imperatoris

297 699 425 754 auctore
452 690 577 754 Tiberio
602 689 732 773 aceepit.
784 687 920 752 Arminii
937 709 1026 765 uxor,
1045 689 1142 754 virilis
1156 712 1250 756 sexus
1264 693 1401 779 stirpem

299 789 398 855 edidit
413 813 421 854 ε
445 790 596 855 educatus
610 789 767 854 Raveunae
780 811 866 874 puer,
883 809 943 872 quo
957 809 1032 854 mox
1046 789 1180 855 ludibrio
1196 789 1400 860 conflictatus

300 889 351 966 sit,
365 891 397 955 in
412 899 552 976 tempore
569 888 758 956 memorabo.

344 989 438 1057 LIX.
462 991 564 1056 Fama
590 990 689 1056 dediti
721 989 912 1074 benigneque
941 989 1066 1076 excepti
1089 989 1228 1076 Segestis
1253 993 1397 1080 vulgata,

296 1097 334 1154 ut
369 1090 539 1176 quibusque
574 1091 690 1156 bellum
714 1090 821 1155 invitis
845 1097 901 1154 aut
927 1089 1123 1174 cupientibus
1152 1099 1232 1167 eret,
1260 1115 1315 1180 spe
1343 1095 1396 1161 vel

298 1189 403 1257 dolore
420 1192 581 1277 accipitur.
626 1191 816 1268 Arminium,
834 1211 927 1274 super
946 1189 1072 1254 insitam
1090 1190 1280 1270 violentiam,
1300 1203 1396 1280 rapta

203 1334 220 1370 ·.
298 1313 387 1369 uxor,
418 1290 576 1378 subjectus
611 1292 737 1356 servitio
762 1290 868 1355 uxoris
894 1297 1012 1368 uterus,
1039 1291 1203 1357 vecordem
1229 1295 1390 1378 agebant:

221 1377 245 1436 ἵ
297 1392 510 1478 volitabatque
546 1415 600 1478 per
638 1391 822 1468 Cheruscos,
855 1411 944 1454 arma
981 1390 1013 1454 in
1041 1390 1212 1476 Segestem,
1240 1415 1328 1460 arma
1358 1396 1393 1461 in

269 1509 280 1556 ·.
299 1491 453 1558 Gaesarem
480 1515 628 1580 poscens:
657 1515 756 1576 neque
783 1491 903 1577 probris
927 1491 1135 1576 temperabat.
1189 1493 1395 1581 “Egregium

290 1587 439 1678 *patreml
466 1616 614 1679 magnum
636 1593 874 1678 imperatorem!
902 1591 1015 1656 fortem
1036 1593 1231 1658 exercitum!
1259 1617 1395 1678 quorum

297 1699 346 1758 tot
373 1717 484 1760 manus
504 1717 599 1760 uuam
621 1692 832 1758 mulierculam
855 1691 1028 1757 evexerint.
1075 1693 1142 1757 Sibi
1159 1701 1223 1760 tres
1242 1695 1394 1780 legiones,

297 1795 431 1859 totidem
453 1793 572 1880 legatos
593 1792 801 1878 procubuisse.
846 1791 916 1856 Non
940 1791 1022 1856 enim
1039 1815 1073 1857 se
1089 1793 1274 1878 proditione,
1289 1819 1394 1880 neque

298 1893 446 1960 adversus
460 1895 591 1959 feminus
604 1893 760 1979 gravidas,
772 1891 827 1957 sed
842 1892 946 1977 palam
958 1892 1106 1958 adversus
1120 1903 1259 1960 armatos
1273 1896 1394 1963 bellum

297 2001 453 2060 tractare:
481 1995 563 2060 cerui
589 1995 691 2059 adhuc
717 1992 944 2058 Germanorum
968 1993 1001 2056 in
1027 1992 1104 2058 lucis
1130 1995 1219 2080 signa
1234 1995 1389 2076 Romans,

298 2117 366 2178 quae
389 2094 449 2161 diis
470 2095 579 2181 patriis
601 2093 815 2180 suspenderit:
840 2091 954 2158 coleret
971 2091 1116 2178 Segestes
1132 2096 1246 2160 victam
1265 2096 1389 2182 ripam;

296 2195 441 2261 redderet
473 2194 536 2260 lilio
566 2194 794 2260 sacerdotium:
833 2193 991 2260 homiuem
1020 2193 1192 2260 Germanos
1218 2217 1392 2282 numquam

299 2295 375 2360 satis
401 2304 612 2375 excusaturos,
638 2295 721 2380 quod
747 2296 831 2360 inter
850 2293 959 2359 Albim
987 2301 1019 2358 et
1047 2293 1193 2360 Rhenum
1218 2296 1330 2383 virgas,
1358 2307 1395 2364 et

299 2419 429 2476 secures,
459 2406 491 2462 et
515 2405 622 2483 togam
649 2396 792 2462 viderint.
847 2393 930 2460 Aliis
952 2395 1106 2480 gentibus,
1131 2396 1307 2481 ignorantia
1330 2399 1392 2463 im·

298 2497 376 2582 perii
403 2497 546 2574 Romani,
564 2499 729 2583 inexperto
751 2519 817 2562 esse
845 2494 1005 2581 supplicis,
1028 2496 1131 2560 nescia
1157 2496 1294 2562 tributa:
1318 2522 1392 2582 quse

298 2598 422 2682 quando
444 2599 596 2676 exuerint,
615 2598 786 2681 inritusque
809 2595 982 2662 discesserit
1000 2594 1050 2659 ille
1065 2596 1146 2660 inter
1160 2597 1289 2662 numina
1305 2599 1395 2664 diea-

298 2708 349 2764 tus
365 2699 537 2786 Augustus,
554 2698 604 2764 ille
621 2697 759 2762 delectus
775 2697 932 2771 Tiberius,
951 2717 990 2760 ne
1012 2694 1189 2782 imperitum
1212 2697 1394 2764 adolescen-

299 2801 410 2875 tulum,
435 2821 473 2864 ne
508 2798 688 2864 seditiosum
717 2797 888 2862 exercitum
913 2804 1124 2882 pavescerent.
1183 2797 1218 2862 Si
1243 2799 1393 2884 patriam,

300 2907 452 2984 parentes,
469 2898 599 2983 antiqua
612 2896 751 2975 mallent,
768 2899 861 2982 quhm
877 2897 1027 2974 dominos,
1053 2904 1085 2962 et
1107 2898 1244 2964 colonias
1267 2921 1389 2973 novas;

300 2998 479 3063 Arminium
503 2998 607 3084 potius
628 2999 734 3083 gloriae
762 3021 799 3062 sc
823 2997 986 3076 libertatis,
1011 3019 1103 3083 quam
1127 2997 1288 3084 Segestem
1302 2997 1395 3086 flagi-

299 3099 387 3164 tiosis
403 3099 562 3164 servitutis
579 3098 689 3163 ducem
705 3096 937 3182 sequerentur.''

343 3199 420 3264 LX.
443 3199 565 3265 Oonciti
586 3222 641 3284 per
662 3199 728 3262 haeo
751 3220 812 3262 non
827 3197 920 3262 modo
943 3195 1100 3275 Cherusci,
1118 3197 1173 3263 sed
1188 3200 1393 3266 conterminae

297 3309 427 3386 gentes;
456 3307 634 3381 tractusque
658 3298 690 3362 in
715 3306 820 3384 partes
843 3296 1059 3382 Inguiomerus
1083 3298 1220 3364 Arminii
1245 3309 1391 3386 patruus,

296 3401 394 3468 veteri
410 3400 494 3486 apud
512 3398 671 3464 Romanos
684 3397 892 3462 auctoritate:
920 3398 1002 3462 unde
1016 3395 1116 3483 major
1133 3399 1246 3466 (laesuri
1264 3410 1390 3466 metus:

296 3512 328 3569 et
346 3525 385 3566 ne
406 3500 521 3565 bellum
544 3500 624 3563 mole
648 3520 711 3563 uua
724 3499 891 3584 ingrueret,
911 3497 1065 3564 Oaecinam
1091 3521 1162 3565 cum
1182 3500 1393 3587 quadraginta

297 3601 475 3668 cohortibus
512 3600 672 3677 Romanis,
711 3599 913 3664 distrahendo
950 3599 1043 3676 hosti,
1071 3622 1126 3685 per
1153 3599 1320 3666 Bructeros
1345 3603 1393 3668 ed

297 3701 412 3769 flumen
438 3699 593 3766 Amisiam
619 3699 740 3764 mittit:
776 3699 912 3782 equitem
940 3697 1029 3764 Pedo
1064 3699 1239 3784 praefeotus,
1275 3699 1392 3768 finibus

299 3803 470 3869 Frisiorum
493 3801 599 3865 ducit:
626 3801 691 3886 ipse
713 3800 873 3885 impositas
889 3799 1020 3864 navibus
1034 3806 1169 3883 quatuor
1182 3801 1317 3886 legiones
1331 3825 1394 3888 per

298 3905 382 3968 lacus
396 3901 506 3968 vexit:
534 3900 685 3985 simulque
701 3901 804 3987 pedes,
828 3922 929 3984 eques,
954 3900 1069 3976 classis,
1095 3901 1179 3986 apud
1203 3901 1392 3986 praedictum

297 4026 421 4068 amnem
438 4024 617 4066 convenere.
663 4001 780 4067 (lhauci
797 4023 867 4065 cum
883 3999 999 4065 auxilia
1014 4000 1240 4085 pollicerentur,
1257 4002 1289 4066 in
1305 4025 1393 4068 oom-

297 4104 443 4168 militium
468 4101 579 4167 adsciti
605 4110 687 4170 suut.
733 4101 900 4166 Bructeros
926 4123 983 4166 sua
997 4107 1130 4180 urentes,
1149 4102 1298 4188 expedita
1314 4126 1391 4170 enm

296 4227 389 4270 manu
409 4202 448 4267 L.
465 4202 640 4277 Stertinius
657 4203 752 4268 missu
769 4201 946 4266 Germanioi
961 4201 1053 4277 fudit,
1069 4201 1211 4286 interque
1225 4202 1342 4268 caedcm
1357 4217 1393 4268 et

297 4305 435 4390 praedum
471 4301 585 4388 reperit
619 4301 854 4368 undevicesimo
885 4301 1014 4387 legionis
1040 4301 1175 4385 aquilam
1201 4325 1272 4368 eum
1302 4304 1395 4368 Varo

295 4405 452 4472 amissum.
510 4403 648 4468 Ductum
677 4403 749 4469 inde
777 4425 890 4488 agmen
916 4400 956 4466 ad
986 4400 1113 4468 ultimos
1144 4391 1396 4474 Bructerorum:
