3088 5080
308 365 327 412 0
578 358 654 414 THE
676 357 860 413 GERMANY
887 355 935 412 OF
960 358 1126 414 melros.

307 523 392 586 intra
406 521 532 596 vallum,
557 519 655 584 donce
678 518 879 605 expugnandi
901 517 1008 584 hostes
1030 541 1095 604 spe,
1115 519 1240 605 propius
1257 518 1414 585 succede·

311 631 400 685 rent:
428 643 502 686 mox
525 621 661 705 undique
683 618 926 704 erumpendum:
953 618 1008 682 illa
1022 620 1183 704 eruptione
1200 620 1243 684 ad
1258 619 1413 684 Rhenum
1514 629 1515 696 l

311 721 483 808 perveniri:
508 720 640 804 quodsi
664 721 816 805 tugerent,
842 717 946 804 plures
973 719 1076 798 silvas,
1106 720 1276 805 profundas
1306 721 1413 806 magis
1514 723 1515 730 ’

310 822 449 906 paludes,
478 820 630 886 saevitiam
657 819 794 885 hostium
821 841 999 906 superesse:
1036 826 1070 885 at
1096 820 1266 885 victoribus
1299 820 1408 897 decus,

184 919 195 942 ⁸
309 922 459 1007 gloriam:
488 945 555 1006 quae
571 921 657 986 domi
682 943 763 996 cara,
788 941 856 1004 qua
882 920 914 983 in
929 919 1038 984 eastris
1052 919 1213 998 honesta,”
1228 929 1407 986 memorat:

309 1021 435 1087 reticuit
459 1022 498 1086 de
521 1020 669 1087 adversis.
720 1021 827 1104 Equos
854 1019 975 1098 dehinc,
991 1043 1079 1085 orsus
1102 1043 1123 1084 a
1142 1019 1214 1099 suis,
1230 1020 1409 1106 legatorum

310 1121 565 1206 tribunorumque
600 1120 686 1186 nulla
720 1121 900 1197 ambitione,
929 1119 1097 1184 fortissimo
1123 1121 1233 1204 cuique
1261 1121 1408 1186 bellatori

311 1222 419 1295 tradit,
434 1230 472 1288 ut
487 1224 529 1300 hi,
547 1245 622 1286 mox
640 1222 744 1308 pedes,
759 1221 793 1285 in
807 1222 929 1285 hostem
943 1219 1136 1286 invaderent.

355 1322 523 1388 LXVIII.
548 1322 646 1387 Haud
669 1321 773 1386 minus
801 1320 921 1406 inquies
946 1319 1130 1398 Germanus,
1152 1343 1217 1407 spe,
1246 1320 1407 1407 cupidine,

311 1431 343 1488 et
379 1424 508 1489 diversis
546 1423 661 1488 ducum
697 1421 860 1486 sententiis
885 1421 1018 1505 agebat:
1052 1420 1206 1497 ArmInio,
1236 1423 1408 1487 “sinerent

310 1524 426 1610 egredi,
450 1545 648 1609 egressosque
670 1544 791 1587 rursum
815 1544 870 1605 per
891 1520 1020 1586 humida
1042 1528 1074 1585 et
1095 1521 1249 1606 impedita
1274 1522 1409 1586 circum·
1512 1551 1513 1578 r

309 1624 483 1702 venirent,''
506 1623 674 1688 suadente:
699 1622 853 1687 atrociora
876 1621 1083 1708 Inguiomero,
1100 1629 1131 1686 et
1153 1622 1230 1686 laeta
1251 1622 1408 1698 barbaris,

312 1731 331 1760 “
343 1731 380 1788 ut
389 1724 505 1789 vallum
514 1723 608 1788 armis
622 1723 795 1787 ambirent:
820 1731 997 1808 promptam
1012 1722 1284 1806 expugnationem,
1301 1722 1411 1806 plures

311 1824 460 1908 captivos,
476 1823 687 1908 Incorruptam
710 1823 845 1907 praedam
873 1821 970 1886 fore.''
1022 1820 1127 1906 Igitur
1152 1829 1222 1888 orta
1247 1822 1307 1901 die,
1333 1845 1410 1907 pro-

312 1931 406 1988 ruunt
420 1924 526 2001 fossae,
543 1920 685 2008 injiciunt
700 1931 811 1998 crates,
826 1944 948 1988 summa
962 1921 1037 1986 valli
1051 1929 1209 2008 prensant,
1228 1944 1297 1988 raro
1313 1945 1410 2008 super

312 2023 422 2098 milita,
447 2033 479 2088 et
504 2024 591 2108 quasi
617 2023 657 2088 ob
682 2035 802 2088 metum
827 2020 940 2087 defixo.
985 2021 1158 2108 Postquam
1174 2023 1289 2088 hasere
1304 2025 1410 2088 muni·

311 2125 434 2203 mentis,
459 2125 553 2188 datur
585 2123 761 2188 cohortibus
795 2123 928 2208 signum,
958 2144 1132 2206 cornuaque
1157 2145 1196 2188 ac
1221 2123 1306 2188 tubae
1332 2147 1411 2189 con-

310 2224 453 2288 cinuere:
478 2224 550 2289 exin
573 2221 706 2288 clamore
729 2232 761 2288 et
783 2223 903 2309 impetu
920 2223 1016 2308 tergis
1031 2221 1255 2288 Germanorum
1271 2224 1411 2289 circum·

310 2324 483 2390 funduntur
510 2324 743 2409 exprobrantes,
774 2330 865 2386 “non
882 2322 933 2389 hic
959 2323 1061 2401 silvas,
1092 2345 1150 2388 uec
1181 2324 1320 2409 paludes,
1349 2324 1412 2390 sed

309 2427 405 2510 aequis
423 2426 499 2492 loeis
513 2448 616 2510 aequos
631 2425 735 2489 deos.''
780 2422 886 2500 Hosti,
902 2422 991 2487 facile
1008 2423 1174 2501 excidium,
1193 2432 1226 2488 et
1241 2447 1358 2509 paucos
1378 2435 1412 2491 et

309 2549 476 2592 semermos
498 2527 660 2611 cogitanti,
683 2547 777 2589 sonus
798 2523 955 2598 tubarum,
979 2523 1080 2607 fulgor
1102 2547 1268 2602 armorum,
1285 2537 1411 2609 quanto

308 2627 444 2712 inopina,
475 2634 565 2692 tanto
595 2623 714 2710 majora
737 2623 960 2698 offunduntur:
997 2624 1221 2707 cadebantque,
1246 2633 1282 2690 ut
1312 2627 1412 2694 rebus

309 2728 452 2791 secundis
466 2726 560 2801 avidi,
573 2724 620 2789 ita
632 2725 769 2790 adversIs
784 2724 911 2788 incauti.
956 2724 1119 2788 ArmInius
1133 2724 1262 2810 integer,
1279 2724 1412 2812 Inguin-

310 2848 414 2890 merus
436 2834 505 2910 post
528 2847 622 2909 grave
644 2824 763 2903 vulnus,
791 2846 928 2911 pugnam
952 2824 1134 2898 deseruere:
1170 2825 1281 2912 vulgus
1308 2833 1411 2895 truci-

312 2925 422 2990 datum
454 2935 511 3002 est,
542 2924 640 2989 donec
668 2925 715 2990 ira
744 2934 776 2990 et
807 2925 872 2989 dier
904 2926 1082 3009 permansit.
1144 2925 1245 2990 Nocte
1277 2928 1411 2995 demum

309 3047 438 3090 reversa
460 3025 605 3112 legiones,
638 3026 779 3109 quamvis
809 3025 879 3110 plus
912 3025 1086 3101 vulnerum,
1122 3025 1232 3089 eadem
1263 3027 1411 3096 ciborum

310 3137 430 3210 egestas
454 3127 611 3211 fatigaret,
638 3125 711 3202 vim,
737 3125 913 3200 sanitatem,
940 3125 1052 3210 copias,
1078 3133 1192 3190 cuneta
1214 3125 1246 3190 In
1272 3127 1412 3196 victoria

308 3224 452 3290 habuere.

356 3325 489 3390 LXIX.
513 3326 700 3391 Pervaserat
715 3323 840 3388 interim
857 3324 1093 3391 “circumventi
1110 3328 1294 3394 exercitus''
1308 3328 1409 3410 fama,

309 3437 341 3490 et
357 3433 377 3462 “
387 3427 499 3492 infesto
516 3427 742 3490 Germanorum
758 3423 881 3508 agmine
897 3425 1016 3490 Gallias
1037 3427 1101 3511 peti
1116 3426 1154 3490 :’'
1178 3451 1214 3492 ae
1237 3429 1269 3493 ni
1287 3428 1411 3518 Agrip-

308 3525 382 3611 pina
405 3527 584 3612 impositum
613 3525 723 3590 Rheno
749 3533 875 3611 pontem
899 3525 976 3590 solvi
1001 3527 1218 3612 prohibuisset,
1238 3538 1327 3595 erant
1351 3533 1411 3615 qui

307 3626 340 3690 id
366 3625 518 3712 flagitium
542 3626 705 3692 formidine
730 3625 898 3690 auderent:
938 3625 992 3691 sed
1016 3627 1131 3692 femina
1156 3629 1265 3714 iugens
1293 3631 1407 3710 animi,

307 3727 414 3791 munia
431 3728 518 3793 ducis
540 3751 594 3814 per
616 3749 668 3791 eos
690 3725 755 3792 dies
781 3726 894 3805 induit,
910 3726 1121 3812 militibusque
1144 3737 1180 3793 ut
1209 3730 1277 3814 quis
1301 3729 1407 3816 inops,

306 3836 362 3890 aut
389 3827 523 3909 saucius,
554 3835 671 3892 vestem
702 3835 734 3891 et
764 3827 902 3891 fomenta
933 3827 1080 3912 dilargita
1111 3837 1168 3894 est.
1225 3830 1336 3896 Tradit
1363 3832 1407 3899 O.

307 3926 437 4004 Plinius,
455 3928 711 3994 Germanicorum
731 3927 883 3991 bellorum
906 3926 1048 4012 scriptor,
1065 3930 1188 3994 stetisse
1210 3931 1295 4014 apud
1317 3932 1409 4016 priu-

305 4027 421 4113 cipium
442 4029 555 4113 pontis,
571 4027 678 4093 laudes
701 4034 733 4091 et
754 4035 859 4112 grates
880 4027 1011 4092 reversis
1033 4027 1205 4113 legionibus
1219 4030 1406 4099 habentem.

307 4126 347 4190 ld
362 4127 478 4192 Tiberii
499 4129 637 4194 animum
662 4126 757 4192 altius
780 4128 967 4213 penetravit.
1014 4127 1117 4193 “Non
1139 4130 1222 4194 enim
1245 4131 1408 4216 simplices

304 4250 356 4293 eas
381 4250 487 4293 curas:
512 4252 570 4294 nec
595 4227 743 4294 adversus
770 4236 916 4293 externos
942 4227 1074 4293 militem
1097 4231 1214 4313 quaeri:
1246 4231 1322 4298 nihil
1350 4256 1408 4298 re-

301 4329 409 4394 lictum
433 4329 678 4415 Imperatoribus‚
694 4327 748 4392 ubi
771 4327 886 4392 femine
913 4329 1088 4413 manipulos
1113 4329 1285 4408 intersistit,
1309 4333 1407 4418 signa
