3088 5080
533 470 821 526 rnonsuousrvu.
1131 455 1214 524 xcix

122 654 224 710 voces,
241 642 335 718 atque
350 633 408 719 ipsi
425 634 540 718 passim
555 630 733 718 adjacerent
749 632 840 709 vullo,
859 633 1039 697 oberrarent
1063 632 1214 709 tentoriis,

121 734 277 799 insomnes
310 735 409 818 magis
445 755 537 818 quam
573 733 745 818 pervigiles.
802 733 984 817 Ducemque
1010 733 1121 798 terruit
1147 731 1216 797 dira

120 833 224 918 quies:
249 855 323 898 nam
350 835 554 916 Quinctilium
576 833 697 897 Varum
724 833 873 918 sangiune
897 833 1039 910 oblitum,
1066 841 1098 897 et
1125 832 1215 918 palu·

121 935 213 999 dibus
237 957 400 1011 emersum,
426 957 551 998 cernere
575 941 607 997 ct
633 933 741 998 audire
756 934 839 999 visus
860 942 919 1010 est,
937 932 1024 998 velut
1039 941 1212 1012 vocantem,

121 1057 182 1099 nun
227 1041 332 1099 tamen
376 1035 550 1111 obsecutus,
595 1041 627 1098 et
665 1056 792 1098 manum
828 1034 1019 1100 intendentis
1054 1032 1213 1118 repulisse.
1319 1025 1331 1048 ‘

123 1135 234 1220 Ooepta
256 1134 334 1209 luce,
353 1135 454 1200 missae
480 1134 512 1198 in
540 1135 641 1199 latera
666 1134 801 1220 legiones
827 1143 924 1214 metu,
940 1157 981 1200 an
1005 1134 1211 1212 contumacia,

120 1235 221 1301 locum
260 1235 441 1300 deseruere:
480 1241 572 1320 capto
612 1258 741 1321 propere
775 1257 895 1322 campo,
924 1233 1087 1300 humentia
1115 1233 1210 1299 ultra.

123 1335 230 1421 Neque
257 1342 363 1400 tamen
391 1335 563 1412 Arminius,
594 1357 782 1420 quamquam
807 1336 904 1400 libero
930 1336 1066 1409 incursu,
1103 1335 1210 1400 statim

121 1435 280 1522 prorupit:
305 1436 359 1500 sed
382 1444 419 1501 ut
444 1435 559 1500 haesere
581 1457 667 1500 coeno
683 1435 830 1520 fossisque
843 1436 1076 1522 impedimenta,
1093 1435 1210 1499 turbati

120 1536 235 1601 circum
250 1535 375 1614 milites,
394 1537 531 1601 incertus
547 1535 705 1622 signorum
721 1537 807 1615 ordo,
823 1545 919 1621 utque
937 1537 993 1600 tali
1016 1536 1048 1600 in
1072 1545 1211 1620 tempore

120 1638 178 1702 sibi
201 1637 327 1722 quisque
350 1659 510 1722 properus,
533 1645 565 1701 et
589 1636 681 1702 lentae
706 1637 870 1702 adversum
900 1636 1031 1723 imperia
1054 1658 1153 1714 aures,
1170 1636 1210 1700 ir·

121 1759 263 1824 rumpere
281 1737 455 1802 Germanos
470 1735 573 1823 jubet,
601 1737 774 1815 clamitans,
802 1737 883 1802 “Eu
903 1736 1016 1820 Varus,
1043 1743 1074 1802 et
1101 1735 1210 1800 eodem

120 1837 233 1902 iterum
258 1837 322 1901 fato
340 1837 433 1901 viotoe
458 1837 616 1922 legiones!
628 1837 648 1864 ‘'
693 1837 793 1903 Simul
817 1838 903 1912 haec:
928 1845 961 1902 et
986 1859 1057 1902 cum
1081 1836 1211 1901 delectis

121 1937 236 2002 scindit
254 1959 376 2020 agmen,
391 1936 536 2020 equisque
552 1937 688 2002 maxime
703 1939 832 2004 vulnera
845 1938 979 2025 ingerit:
999 1937 1043 2001 illi
1061 1938 1210 2022 sangnine

119 2059 185 2112 suo,
202 2045 234 2100 et
249 2035 367 2100 lubrico
382 2035 531 2121 paludum
546 2036 711 2123 lapsentes,
727 2040 864 2104 excussis
878 2039 1050 2103 rectoribus
1070 2035 1211 2122 disjicere

120 2137 237 2213 obvios,
261 2143 417 2220 proterere
433 2133 594 2222 jacentes:
618 2137 769 2221 plurimus
790 2139 872 2203 circa
894 2141 1013 2223 aquilas
1030 2139 1127 2214 labor,
1144 2161 1211 2222 quae

121 2260 220 2322 neque
243 2235 408 2301 adversum
431 2234 503 2300 ferri
525 2236 703 2322 ingruentia
716 2238 789 2316 tela,
807 2261 906 2323 neque
922 2240 974 2324 ligi
990 2239 1099 2304 limosa
1116 2239 1211 2302 humo

120 2344 275 2423 poteraut.
327 2336 453 2402 Oaecina
468 2334 544 2401 dum
559 2344 714 2401 sustentat
739 2338 847 2414 aciem,
874 2339 1002 2406 suffosso
1026 2361 1104 2422 equo
1125 2338 1210 2402 dela-

119 2460 193 2524 psus
210 2436 519 2514 circumveniebatur,
535 2437 567 2500 ni
591 2435 692 2522 prima
717 2438 797 2522 legio
814 2459 879 2504 sese
894 2439 1105 2524 opposuisset:
1125 2437 1210 2524 juvit

118 2538 254 2603 hostium
268 2536 413 2615 aviditas,
427 2537 541 2602 omissa
555 2537 650 2614 crede,
667 2538 807 2623 praedam
821 2539 1007 2604 sectantium
1022 2565 1031 2613 ς
1056 2539 1210 2621 enisaeque

117 2639 262 2724 legiones,
288 2645 521 2723 vesperascente
550 2638 610 2713 die,
637 2638 669 2702 iu
695 2647 804 2724 aperta
831 2647 863 2704 et
896 2639 1014 2704 solida:
1049 2661 1148 2722 neque
1184 2637 1210 2702 is

117 2738 310 2803 miseriarum
335 2737 423 2802 linis:
448 2738 631 2802 struendum
646 2737 773 2816 vallum,
789 2739 941 2824 petendus
957 2761 1071 2825 agger:
1096 2738 1211 2803 amissa

117 2861 232 2926 magna
265 2860 305 2902 ex
340 2845 440 2924 parte,
468 2861 524 2924 per
562 2861 629 2923 quae
657 2840 793 2924 egeritur
819 2841 943 2917 humus,
970 2849 1025 2904 aut
1053 2839 1209 2904 exciditur

119 2962 246 3026 cespes:
270 2961 332 3003 non
348 2939 484 3004 tentoria
497 2938 673 3024 manipulis,
689 2961 750 3006 non
768 2940 906 3005 fomenta
923 2940 1054 3006 sauciis:
1079 2939 1210 3004 infectos

117 3062 202 3104 coeno
225 3046 281 3104 aut
308 3062 416 3103 cruore
443 3038 528 3104 cibos
553 3039 736 3116 dividentes,
762 3041 902 3107 funestas
925 3041 1077 3118 tenebras,
1105 3049 1137 3105 et
1160 3049 1209 3104 tot

120 3140 281 3204 hominum
297 3138 432 3204 millibus
446 3161 543 3203 unum
553 3136 621 3224 jam
637 3139 790 3224 reliquum
808 3141 891 3205 diem
909 3141 1169 3206 lamentabuntur.

164 3239 294 3304 LXVI.
320 3239 417 3304 Forte
439 3261 536 3324 equus
567 3239 708 3324 abruptis
734 3241 865 3306 vinculis
891 3265 997 3328 vagus,
1021 3249 1052 3306 et
1075 3241 1208 3306 clamore

117 3341 254 3418 territus,
271 3339 422 3424 quosdam
448 3339 676 3405 occurrentium
701 3340 901 3406 obturbavit:
926 3349 1016 3406 tanta
1040 3341 1113 3406 inde
1138 3365 1210 3405 con·

116 3440 267 3506 stematio
282 3439 432 3524 inrupisse
451 3438 623 3504 Germanos
637 3439 839 3520 credentium,
857 3450 894 3507 ut
909 3441 1013 3506 cuncti
1029 3450 1152 3506 ruerent
1168 3441 1210 3506 nd

116 3550 243 3626 portas:
268 3562 399 3626 quarum
422 3539 605 3604 Decumana
627 3541 763 3605 maxime
790 3543 967 3627 petebatur,
984 3564 1093 3606 aversa
1114 3542 1207 3620 hosti,

116 3651 150 3706 et
172 3641 362 3728 fugientibus
388 3641 495 3704 tutior.
541 3639 675 3716 (lasciua,
701 3650 861 3726 comperto
876 3665 988 3708 vanam
1012 3665 1078 3706 esse
1105 3641 1209 3706 formi-

117 3741 232 3821 dinem,
261 3765 332 3806 cum
369 3749 474 3804 tamen
509 3760 608 3824 neque
634 3741 831 3820 auctoritate,
862 3765 961 3828 neque
988 3741 1138 3829 precibus,
1170 3765 1209 3806 ne

115 3865 210 3907 manu
228 3842 354 3927 quidem
369 3841 529 3918 obsistere,
547 3848 603 3905 aut
617 3841 750 3906 retinere
765 3841 896 3907 militem
912 3843 1031 3927 quiret:
1056 3839 1211 3927 projectus

115 3942 147 4006 in
175 3943 280 4008 limine
304 3949 411 4027 portae,
438 3940 635 4006 miseratione
662 3940 797 4019 demum,
823 3943 896 4027 quia
919 3965 974 4029 per
991 3965 1102 4029 corpus
1114 3941 1208 4027 legati

115 4041 253 4106 eundum
293 4051 370 4118 erat,
408 4041 519 4106 clausit
556 4040 659 4107 viam:
697 4042 788 4107 simul
815 4043 932 4108 tribuni
958 4051 991 4108 et
1017 4043 1211 4108 centuriones

116 4142 230 4207 fulsum
246 4164 392 4228 pavorem
408 4142 589 4209 docuerunt.

163 4241 314 4306 LXVII.
337 4241 426 4307 'lunc
461 4250 637 4309 contractos
668 4244 700 4308 iu
731 4243 891 4328 principia,
924 4242 1088 4330 jussusque
1126 4243 1211 4308 dicta

115 4365 189 4407 curn
198 4342 322 4408 silentio
333 4345 482 4428 accipere,
494 4344 643 4429 temporis
657 4365 694 4408 sc
709 4345 903 4410 necessitatis
917 4352 1034 4410 monet.
1070 4351 1091 4380 “
1105 4343 1210 4407 Unam

114 4444 148 4507 in
163 4443 259 4508 armis
275 4443 417 4522 salutern,
436 4443 492 4508 sed
510 4465 548 4508 ea
568 4444 694 4510 consilio
714 4446 937 4531 temperanda:
962 4443 1211 4595 manpnqlumqne
