3150 5136
584 443 861 500 EPILEGOMENA.
1173 437 1273 505 xxvii

175 636 249 678 aera
272 612 377 698 lapsus
401 609 516 677 imitari
532 608 707 684 videantur,
724 617 756 673 et
771 629 994 690 nonnunquam
1011 607 1042 672 in
1058 607 1110 672 illo
1125 609 1273 677 barathro

176 712 330 778 horrendo
347 712 439 778 nimis
456 712 543 776 exitu
563 718 703 795 pereunt.
749 707 839 793 Saepe
862 730 933 771 oum
950 705 1020 792 jam
1038 707 1168 795 jamque
1193 734 1275 776 mer.

176 813 286 898 gendae
309 814 381 890 sint,
403 812 515 877 subitis
535 809 690 874 undarum
710 808 844 878 nrolibus
865 816 1028 874 retroactas
1053 818 1145 876 tante
1168 835 1273 878 rursus

178 915 319 999 agilitate
356 912 469 978 exinde
507 911 700 996 elongantur,
731 915 847 993 quanto
884 909 969 994 prius
1005 909 1156 976 adtractae
1191 921 1273 982 suut.

179 1013 350 1078 Affirmant
374 1035 439 1078 esse
463 1019 496 1077 et
515 1011 609 1076 aliam
636 1006 813 1094 hujusmodi
837 1008 1025 1094 voraginem,
1044 1010 1126 1074 inter
1149 1012 1273 1078 Britan·

179 1113 263 1178 niam
279 1113 420 1189 insulam,
439 1111 636 1194 Galliamque
653 1109 861 1194 provinciam:
886 1109 935 1173 cui
949 1110 1046 1174 etiam
1068 1111 1112 1174 rei
1134 1113 1273 1200 adstipu-

179 1214 284 1278 lantur
315 1212 494 1297 Sequanicae
516 1210 756 1295 Aquitaniaeque
786 1207 888 1287 litora,
908 1232 976 1292 quae
1007 1210 1054 1276 bis
1079 1211 1111 1275 in
1135 1213 1185 1277 die
1208 1223 1273 1280 tam

178 1313 290 1379 subitis
306 1312 560 1377 inundationibus
574 1309 750 1396 opplentur,
767 1317 803 1374 ut
819 1311 871 1393 qui
896 1310 1026 1376 fortasse
1049 1311 1275 1394 aliquantulum

178 1414 328 1478 introrsus
350 1435 370 1477 a
389 1413 480 1478 litore
496 1421 637 1498 repertus
653 1409 757 1486 fuerit,
775 1409 906 1474 evadere
921 1411 975 1474 vix
992 1412 1099 1496 possit.
1156 1413 1276 1482 Videas

179 1537 286 1578 earum
315 1514 476 1598 regionum
508 1508 644 1588 flumina,
678 1511 796 1574 fontem
825 1533 932 1576 versus
963 1533 1055 1575 eursu
1082 1514 1275 1580 velocissimo

179 1614 288 1688 relabi,
304 1636 341 1678 ac
356 1637 410 1698 per
425 1613 594 1678 multorum
609 1611 741 1675 millium
755 1610 867 1695 spatia,
883 1610 990 1677 dulces
1011 1609 1174 1678 fluminum
1196 1617 1276 1702 lym-

179 1716 258 1799 phas
289 1713 320 1778 in
350 1712 590 1778 amaritudinem
620 1711 709 1776 verti.
755 1710 899 1797 Triginta
928 1711 1025 1777 ferme
1054 1736 1073 1778 a
1104 1713 1276 1798 Sequanico

178 1815 268 1879 litore
296 1813 421 1878 Euodia
445 1813 546 1877 insula
571 1811 709 1877 millibus
734 1811 842 1892 distat,
867 1811 900 1876 in
925 1835 995 1896 qua,
1020 1813 1101 1879 mont
1127 1815 1168 1880 ab
1193 1816 1276 1884 illius

178 1914 286 1978 incolis
308 1913 520 1988 adseveratur,
535 1911 730 1998 vergentium
755 1912 787 1977 in
812 1912 943 1976 eandem
965 1913 1158 2001 Charybdim
1178 1939 1276 2001 aqua-

180 2036 249 2078 rum
264 2013 430 2099 garmlitas
451 2011 589 2077 auditur.
633 2011 754 2076 Audivi
776 2011 930 2095 quendam
951 2013 1176 2081 nobilissimum
1200 2018 1274 2084 Gal·

178 2114 278 2178 lorum
310 2113 505 2191 referentem,
533 2112 618 2196 quod
645 2111 812 2196 aliquantae
841 2134 946 2190 naves,
974 2115 1060 2198 prius
1088 2121 1276 2204 tempestate

179 2214 342 2293 convulsae,
358 2212 557 2299 postmodnm
578 2212 619 2277 ab
641 2212 700 2276 hac
722 2211 831 2276 ea'dem
861 2211 1022 2299 Charybdi
1046 2223 1161 2282 voratas
1189 2228 1273 2284 snut.

182 2313 274 2378 Unus
295 2321 401 2378 antem
423 2335 464 2378 ex
485 2311 628 2378 omnibus
644 2311 719 2377 viris
735 2311 939 2392 solummodo,
954 2313 1007 2398 qui
1022 2314 1052 2378 in
1069 2317 1200 2383 navibus
1214 2319 1276 2385 illis

179 2413 315 2490 fuerant,
345 2413 548 2478 morientibus
577 2411 707 2491 caeteris,
738 2411 814 2476 dum
841 2411 945 2476 adhue
973 2410 1120 2480 fluctibus
1154 2418 1274 2503 spirans
1383 2441 1391 2466 ⁹

178 2521 404 2599 supernataret,
422 2515 451 2578 vi
466 2534 616 2598 aquarum
639 2510 803 2577 fluentium
817 2512 982 2590 abductus,
1005 2512 1047 2578 ad
1068 2537 1156 2580 oram
1177 2529 1274 2603 utque

179 2613 394 2681 immanissimi
409 2613 492 2679 illius
506 2612 645 2678 barathri
661 2613 813 2698 pervenit.
859 2613 1005 2694 Quicum
1014 2612 1083 2701 jam
1099 2618 1273 2701 profundis·

177 2715 298 2792 simam,
323 2721 355 2779 et
381 2715 447 2780 sine
470 2711 531 2778 line
552 2725 665 2799 patens
687 2713 781 2778 chaos
806 2711 990 2798 adspiceret,
1006 2715 1134 2800 ipsoque
1159 2741 1273 2804 pavore

177 2823 392 2900 praemortuus,
405 2837 438 2880 se
453 2814 526 2879 illuc
539 2815 693 2879 ruitumm
708 2819 915 2898 exspectaret,
931 2815 1035 2881 subito
1050 2817 1132 2901 quod
1150 2841 1273 2905 sperare

177 2937 238 2980 non
254 2923 389 3001 poterat,
401 2937 478 2980 saxo
491 2913 627 2998 quodam
641 2911 833 3000 superjectus
849 2913 974 2982 insedit.
1019 2915 1167 2984 Decursis
1181 2920 1274 3004 siqui-

178 3015 250 3080 dem
271 3013 341 3103 jam
367 3016 520 3091 omnibus,
550 3037 618 3099 quae
648 3013 808 3080 sorbendae
840 3031 939 3094 erant,
971 3016 1067 3100 aquis,
1094 3041 1158 3084 orae
1190 3020 1273 3088 illins

176 3116 301 3181 fuerant
323 3117 478 3202 margines
503 3113 664 3180 denudati.
716 3114 862 3198 Dumque
885 3115 929 3181 ibi
953 3116 1035 3182 inter
1049 3119 1098 3182 tot
1112 3122 1273 3207 angustias

179 3217 300 3294 anxius,
317 3217 370 3280 vix
385 3217 425 3281 ob
439 3223 559 3280 metum
574 3214 730 3300 palpitans
751 3214 909 3292 resideret,
933 3215 1123 3302 dilatamque
1145 3221 1187 3286 ad
1208 3245 1273 3288 mo-

179 3315 283 3380 dicum
310 3324 442 3382 mortem
473 3315 673 3381 nihilominus
697 3314 863 3400 opperiret,
889 3317 1040 3402 conspicit
1068 3342 1140 3384 ecce
1169 3323 1273 3390 subito

179 3416 266 3499 quasi
287 3438 417 3502 magnos
438 3437 589 3500 aquarum
611 3421 733 3481 montes
751 3416 790 3480 de
804 3415 958 3500 profundo
974 3418 1101 3498 resilire,
1116 3444 1272 3509 navesque

178 3537 248 3599 quae
264 3513 417 3600 absorpta
432 3517 565 3594 fuerant,
581 3515 697 3602 primas
713 3537 879 3602 emergere.
924 3516 1065 3603 Cumque
1079 3543 1143 3586 una
1157 3545 1197 3589 ex
1211 3523 1273 3592 illis

178 3615 206 3679 ei
230 3615 377 3701 contigua
390 3613 488 3691 lieret,
504 3615 545 3679 ad
560 3637 629 3680 eam
646 3638 678 3680 se
693 3616 762 3681 nisu
775 3639 836 3700 quo
850 3617 953 3702 potuit
966 3620 1189 3705 apprehendit:
1214 3647 1273 3690 neo

177 3737 275 3792 mora,
303 3715 395 3781 celeri
425 3715 532 3781 volatu
560 3737 655 3800 prope
686 3715 761 3780 litus
792 3717 952 3795 advectus,
981 3721 1157 3787 metuenda
1186 3725 1271 3792 necis

177 3837 266 3882 casus
295 3817 403 3896 evasit,
437 3816 552 3902 proprii
583 3816 783 3900 postmodnm
814 3818 943 3902 periculi
975 3819 1091 3886 relator
1122 3823 1269 3891 existens.

178 3916 328 3982 Nostrum
343 3939 473 4002 quoque,
492 3915 525 3980 id
542 3923 601 3992 est,
617 3915 817 3980 Adriaticum
839 3940 933 3997 mare,
958 3920 1040 4003 quod
1063 3921 1147 3988 licet·
1158 3924 1269 4005 minus,

176 4017 317 4082 similiter
331 4016 659 4092 tamenVenetiarum
684 4015 875 4103 Histriaque
889 4019 981 4084 litora
998 4021 1152 4104 pervadit,
1171 4025 1268 4090 eredi-

174 4116 237 4181 bile
261 4124 309 4181 est
330 4139 442 4202 parvos
463 4115 641 4203 hujusmodi
662 4117 859 4203 occultosque
880 4118 994 4184 habere
1009 4129 1142 4201 meatus,
1159 4126 1271 4209 quibus

177 4224 208 4281 et
241 4216 422 4282 recedentes
453 4241 540 4302 aquae
570 4217 763 4296 sorbeantur,
792 4227 824 4284 et
849 4242 971 4285 rursum
999 4219 1151 4288 invasura
1177 4225 1270 4292 litora

177 4325 384 4382 revomantur.
452 4316 514 4384 His
542 4318 648 4404 itaque
678 4319 859 4406 praelibatis,
888 4320 931 4385 ad
962 4329 1094 4408 ceptam
1123 4324 1270 4392 narrandi

175 4418 286 4483 seriem
301 4417 474 4483 redeamus.
