3144 5080
317 377 381 446 lxx
591 391 667 446 rue
691 390 874 447 eunulnr
899 393 948 450 or
972 393 1139 451 raorrue.

317 577 389 620 cum
405 557 506 620 locum
524 555 621 622 venit.
673 553 814 620 Primam
829 563 862 621 et
877 555 1045 622 secundam
1062 557 1161 622 aciem
1176 556 1208 621 in
1223 555 1318 619 armis
1335 577 1420 633 esse,

318 656 444 720 tertiam
470 664 573 721 castra
597 655 719 720 munire
740 653 846 741 jussit.
899 657 963 722 Hic
990 657 1078 722 locus
1106 657 1148 722 ab
1173 656 1263 720 hoste
1289 653 1423 719 circiter

317 777 426 840 pessus
440 765 613 834 sexcentos,
625 755 672 820 uti
684 755 802 820 dictum
817 765 875 836 est,
890 757 1010 825 aberat.
1056 757 1104 820 Eo
1118 756 1241 822 circiter
1251 755 1421 820 hominum

319 877 447 920 numero
475 881 542 921 xvr.
573 855 671 920 millia
697 855 845 941 expedita
867 879 938 922 oum
960 857 1044 922 omni
1066 857 1210 942 equitatu
1232 855 1419 920 Ariovistus

317 955 413 1032 misit,
426 979 494 1042 ques
509 957 605 1043 copiee
619 964 742 1021 nostros
754 965 961 1042 perterrerent
975 966 1007 1022 et
1017 957 1190 1024 munitione
1201 955 1417 1042 prohiberent.

319 1055 431 1122 Nihilo
457 1058 556 1122 secius
576 1057 690 1136 Caesar,
708 1063 744 1120 nt
763 1065 836 1121 ante
857 1058 1071 1136 constituerat,
1096 1057 1174 1123 duas
1190 1056 1273 1121 acies
1288 1055 1414 1121 hostem

318 1157 509 1243 propulsare,
533 1157 660 1223 tertiam
688 1179 766 1242 opus
790 1159 936 1242 perficere
958 1155 1064 1245 jussit.
1129 1155 1264 1223 Munitis
1290 1155 1415 1234 castris,

318 1257 396 1322 duas
410 1257 454 1323 ibi
467 1257 604 1345 legiones
619 1256 745 1342 reliquit
765 1265 797 1322 et
815 1267 936 1344 partem
958 1259 1166 1334 auxiliorum
1189 1265 1323 1342 quatuor
1339 1256 1418 1321 reli-

317 1379 394 1442 ques
407 1359 440 1422 in
456 1367 559 1426 castra
572 1356 693 1444 majora
706 1355 842 1425 reduxit.

363 1458 401 1523 L.
437 1458 588 1526 Proximo
618 1457 678 1537 die,
711 1458 856 1524 instituto
884 1482 950 1538 suo,
973 1458 1081 1526 Gaesar
1102 1483 1120 1524 e
1142 1457 1252 1525 castris
1272 1458 1416 1542 utrisque
1538 1449 1539 1530 ζ

317 1560 423 1645 copias
456 1583 528 1626 suas
562 1557 695 1632 eduxit3
748 1561 946 1644 paullumque
979 1581 1000 1624 a
1033 1558 1201 1647 majoribus
1233 1580 1417 1644 progressus

316 1659 415 1724 aciem
438 1659 588 1726 instruxit
607 1658 808 1743 hostibusque
828 1659 987 1746 pugnandi
1006 1667 1193 1746 potestatem
1210 1658 1294 1725 fecit.
1346 1657 1416 1723 Ubi
1539 1664 1540 1667 ’

317 1782 357 1823 ne
372 1766 441 1824 tum
459 1759 584 1845 quidem
606 1779 659 1823 eos
679 1757 802 1844 prodire
823 1761 988 1839 intellexit,
1010 1761 1132 1825 circiter
1145 1759 1306 1824 meridiem
1321 1781 1415 1823 exer·

319 1859 417 1923 citum
451 1861 483 1925 in
513 1868 616 1924 castra
641 1858 779 1926 reduxit.
825 1860 906 1924 Tum
934 1860 1060 1926 demum
1088 1861 1267 1926 Ariovistus
1290 1869 1414 1946 partem

318 1981 444 2024 suerum
476 1960 644 2045 copiarum,
680 1981 747 2044 quse
779 1969 883 2026 caetra
915 1961 1036 2027 minora
1067 1969 1271 2047 oppugnaret,
1302 1960 1412 2025 misit:

318 2060 432 2125 acriter
458 2060 615 2144 utrimque
641 2061 802 2146 usquead
827 2083 990 2147 vesperum
1015 2071 1189 2147 pugnatum
1216 2069 1275 2128 est.
1331 2059 1415 2127 Solis

319 2181 428 2224 occasu
458 2183 530 2228 suas
559 2160 663 2246 copias
693 2160 880 2239 Ariovistus,
907 2162 1014 2228 multis
1041 2170 1073 2227 et
1096 2161 1192 2226 illatis
1217 2170 1249 2227 et
1274 2162 1414 2246 acceptis

316 2260 505 2340 vulneribus,
534 2261 565 2325 in
594 2268 698 2328 castra
724 2261 861 2328 reduxit.
907 2262 1011 2346 Quum
1037 2285 1077 2327 ex
1103 2261 1235 2348 captivis
1260 2271 1414 2346 quaereret

317 2359 429 2438 Oaeser,
446 2385 539 2447 quam
559 2363 599 2427 ob
620 2385 687 2428 rem
710 2362 889 2428 Ariovistus
910 2364 1015 2447 proelio
1030 2385 1092 2428 non
1107 2362 1301 2438 decertaret;
1329 2363 1415 2427 hano

316 2462 491 2548 reperiebat
506 2485 657 2542 caussam,
675 2462 758 2549 quod
774 2463 858 2549 apud
876 2462 1049 2528 Germanos
1062 2485 1098 2528 ee
1110 2462 1300 2528 consuetudo
1318 2472 1413 2540 esset,

316 2571 352 2628 ut
367 2571 484 2630 matres
503 2563 629 2630 familie
649 2585 756 2629 eorum
777 2562 913 2629 sortibus
934 2571 966 2628 et
988 2563 1261 2630 vaticinationibus
1276 2562 1416 2628 declara·

315 2673 396 2743 rent,
414 2673 520 2728 utrum
544 2663 686 2749 proelium
707 2661 861 2728 committi
883 2685 923 2727 ex
940 2687 998 2730 usu
1019 2671 1110 2743 esset,
1130 2685 1187 2728 nec
1206 2685 1267 2728 ue:
1295 2663 1414 2730 casita

317 2763 439 2828 dicere:
468 2763 571 2828 “Non
597 2785 663 2830 esse
692 2762 748 2842 fas,
775 2762 949 2830 Germanos
970 2787 1125 2850 superare,
1151 2765 1178 2830 si
1201 2772 1414 2829 antenorem

315 2861 421 2928 lunam
438 2863 544 2948 proelio
558 2862 821 2932 contendissent.”

363 2962 419 3030 LI.
453 2963 609 3029 Postridie
635 2963 701 3052 ejus
727 2962 789 3029 diei
815 2964 919 3030 (laesae
953 2964 1095 3051 prasidio
1124 2964 1264 3048 utrisque
1288 2963 1413 3043 eastris,

319 3064 403 3148 qnod
418 3063 494 3130 setis
509 3087 574 3130 esse
589 3065 689 3132 visum
704 3073 762 3141 eet,
778 3065 913 3150 reliquit,
935 3065 1036 3131 omnis
1055 3065 1167 3131 alarios
1188 3065 1220 3130 in
1242 3073 1414 3151 conspectu

318 3163 453 3230 bostium
478 3187 533 3250 pro
555 3167 665 3231 cestris
686 3165 857 3231 minoribns
878 3165 1050 3244 constitnit,
1076 3165 1159 3251 qnod
1181 3166 1285 3232 minus
1305 3165 1416 3230 multi·

319 3264 429 3329 tudine
451 3265 588 3331 militum
615 3265 853 3352 legionariorum
877 3288 934 3353 pro
957 3266 1093 3332 hostium
1121 3287 1249 3331 numero
1273 3265 1413 3344 valebat,

318 3372 355 3430 ut
377 3365 419 3430 ad
440 3366 575 3452 speciem
596 3367 701 3432 alariis
722 3374 872 3432 uteretur.
925 3366 1007 3452 Ipse,
1031 3366 1145 3453 triplici
1163 3367 1316 3432 instructa
1333 3367 1413 3444 acie,

320 3487 416 3550 usque
446 3467 488 3531 ad
512 3475 614 3533 castra
641 3465 778 3532 hostium
799 3466 937 3533 accessit.
985 3467 1066 3532 Tum
1088 3467 1216 3532 demum
1238 3467 1415 3532 necessario

319 3565 469 3632 Germani
502 3591 574 3634 suas
600 3568 705 3653 copias
733 3570 844 3633 castris
869 3565 1055 3644 eduxerunt,
1080 3567 1313 3654 generatimque
1339 3589 1415 3630 con-

318 3667 487 3734 stituenmt
507 3669 693 3756 paribusque
714 3667 885 3733 intervallis
901 3667 1056 3746 Harudes,
1074 3665 1417 3745 Marcomannos,T1-i-

319 3768 441 3844 boccos‚
473 3769 661 3854 Vangiones,
697 3768 855 3846 Nemetes,
888 3769 1037 3846 Sertorios,
1069 3769 1196 3845 Suevos,
1227 3788 1415 3851 omnemque

317 3869 415 3933 aciem
431 3892 519 3934 suem
541 3868 646 3935 rhedis
667 3877 701 3934 st
723 3870 818 3934 carris
839 3869 1118 3946 circumdederunt,
1142 3891 1181 3933 ne
1204 3891 1265 3954 qua
1287 3890 1357 3953 spes
1379 3867 1414 3931 in

315 3968 392 4054 fuga
403 3969 637 4054 relinqueretur.
682 3968 731 4033 Eo
743 3968 887 4034 mulieres
900 3969 1122 4055 imposuerunt,
1138 3991 1209 4053 quae
1224 3969 1255 4033 in
1272 3967 1416 4054 proelium

318 4067 546 4154 proficiscentes
563 4069 679 4134 milites
701 4070 798 4156 pessis
812 4069 948 4135 crinibus
962 4067 1071 4136 flentes
1088 4069 1306 4156 implorabant,
1323 4091 1363 4132 ne
1377 4090 1414 4133 ee

317 4170 349 4234 in
365 4171 548 4235 servitutem
563 4169 714 4236 Romanis
728 4170 898 4235 traderent.

361 4269 438 4335 LII.
464 4270 569 4336 Oaeser
595 4270 725 4357 singulis
755 4270 928 4357 legionibus
959 4269 1096 4356 singulos
1116 4268 1238 4356 legatos
1259 4276 1292 4334 et
1313 4291 1417 4353 ques-

316 4379 415 4438 torem
442 4372 591 4458 praefecit,
616 4371 664 4436 uti
688 4395 741 4439 eos
763 4373 854 4438 testis
876 4393 939 4437 suae
965 4371 1092 4455 quisque
1116 4370 1243 4436 virtutis
1269 4369 1414 4435 haberet.
