3226 5088
277 337 324 408 78
549 353 626 408 rua
648 353 831 410 aarum
855 356 905 411 or
928 357 1095 412 merrus.

274 506 325 565 tlte
337 503 501 565 eonvemion
514 507 548 565 ol
563 507 715 569 cbieftains
734 511 792 570 and
811 513 942 590 oaptains
960 513 1023 571 into
1035 513 1257 591 oomparutively
1271 535 1371 592 peaoe·

274 605 340 664 able
364 604 474 663 settlers
497 605 555 664 had
583 606 697 666 beoonm
718 611 910 688 praetieablel
953 611 1030 672 Such
1054 633 1072 671 a
1094 613 1166 670 view
1189 613 1283 671 would
1306 613 1371 670 best

274 703 414 760 renoncile
428 701 543 761 cosam
555 711 710 763 statement
723 706 794 765 with
808 707 996 785 probability.

324 1149 494 1223 XXVII.
521 1149 702 1220 Funerum
736 1149 837 1220 nulla
869 1150 1039 1222 ambitio:
1081 1151 1118 1220 id
1151 1151 1270 1222 solum
1303 1153 1368 1222 ob-

272 1277 442 1351 servatur,
469 1277 511 1338 ut
544 1289 691 1360 corpora
725 1265 901 1336 clarorum
935 1267 1092 1337 virorum
1121 1269 1228 1339 certis
1261 1268 1368 1362 lignis

271 1387 497 1455 crementur.¹
549 1383 695 1454 Struem
721 1383 798 1476 rogi
820 1405 888 1453 neo
914 1383 1083 1464 vestibus,
1107 1407 1174 1455 neo
1198 1385 1365 1456 odoribus

273 1501 477 1573 cumulant:
503 1523 567 1572 sua
584 1501 713 1592 auique
730 1521 837 1582 arma,
856 1500 1090 1592 quorumdam
1107 1501 1181 1593 igni
1199 1509 1237 1571 et
1254 1525 1367 1594 equus

270 1619 448 1711 adjicitur.
500 1615 713 1710 Sepulcrum
735 1637 857 1710 cespes
874 1616 991 1710 erigit.
1044 1615 1365 1690 Monumentorum

270 1736 422 1806 arduum
447 1742 485 1805 et
505 1756 694 1826 operosum
724 1733 904 1814 bonorem,
932 1741 974 1802 ut
1003 1757 1148 1826 gravem
1178 1734 1365 1819 debinctis,

270 1861 513 1946 aspernantur.
567 1849 745 1924 Lamenta
767 1873 810 1920 ao
835 1849 998 1922 lacrimas
1022 1845 1107 1933 citi),
1139 1851 1297 1922 dolorem
1326 1864 1365 1923 et

271 1969 454 2040 tristitiam
488 1967 590 2039 tarde
622 1975 773 2061 ponunt.
827 1965 984 2038 Feminis
1018 1967 1141 2061 lugere
1174 1968 1363 2040 honestum

270 2095 347 2158 est:
373 2087 457 2156 viris
473 2085 687 2156 meminisse.
797 2098 805 2118 ·

623 2263 699 2306 lton
718 2263 756 2304 ort
778 2263 894 2304 Bwssoll
915 2262 1011 2304 xxm.

316 2391 328 2426 ¹
350 2381 641 2464 &wlnod-The
660 2383 859 2443 clateilioation
879 2383 911 2442 of
932 2383 981 2442 tbe
1005 2382 1124 2442 modern
1145 2381 1363 2462 ambmologiats,

269 2483 395 2544 founded
415 2502 493 2561 upon
514 2482 580 2542 that
595 2483 628 2541 ol
649 2481 697 2541 the
718 2481 798 2557 early
812 2479 955 2540 Ioelandio
978 2479 1141 2554 historiam,
1163 2481 1273 2540 divides
1293 2482 1333 2559 by
1346 2503 1364 2540 a

271 2589 369 2662 pretty
381 2580 470 2640 broad
483 2579 542 2639 line
555 2581 587 2638 ot*
597 2578 789 2639 demaroation
802 2586 859 2637 two
872 2577 992 2656 perioda

309 2700 338 2738 o.
358 2678 395 2737 In
410 2696 463 2736 one
477 2677 526 2736 the
540 2675 612 2735 dead
625 2695 697 2736 were
711 2677 828 2734 barud.

309 2777 334 2835 b.
354 2774 392 2833 In
406 2772 455 2834 the
467 2773 551 2832 otber
563 2773 613 2832 the
627 2773 699 2832 dead
714 2792 784 2831 were
797 2773 905 2830 bur-led.

310 2871 387 2932 I'bat
401 2871 450 2930 tbe
463 2871 675 2949 bnrning-time
688 2888 767 2928 came
780 2869 863 2963 down
882 2889 912 2928 as
932 2869 991 2928 late
1011 2889 1042 2927 aa
1056 2867 1190 2976 thetime
1203 2869 1235 2926 of
1247 2868 1365 2928 Tacitus

269 2969 295 3028 is
309 2968 406 3029 shown
419 2968 521 3046 bytho
535 2975 649 3048 present
662 2987 788 3048 passage.

319 3484 512 3557 XXVIII.
539 3484 628 3556 Haeo
653 3486 896 3556 incommune
914 3485 959 3555 de
985 3486 1146 3556 omnium
1165 3483 1359 3556 Germano-

269 3627 349 3676 rum
366 3605 502 3696 origiue
519 3625 560 3673 ao
575 3602 734 3673 moribus
747 3604 959 3695 accepimus.
1014 3601 1124 3672 Nuno
1141 3601 1359 3696 singularum

267 3721 431 3816 gentium
461 3719 637 3802 instituta,
667 3719 838 3812 ritusque,
865 3727 1042 3812 quatenus
1076 3717 1251 3802 differant,
1281 3741 1360 3810 quae

269 3839 431 3909 nationes
449 3859 470 3905 e
487 3834 682 3908 Germanii
703 3838 741 3906 in
758 3834 894 3908 Gallias
911 3836 1232 3930 commigraverInt‚
1251 3858 1360 3928 expe-

268 3957 375 4026 diam.
428 3951 631 4024 Validiores
654 3952 751 4024 olim¹
778 3951 963 4024 Gallorum
990 3975 1045 4024 res
1070 3951 1177 4024 fuisse
1200 3975 1359 4023 summus

268 4081 454 4144 auctorum
488 4070 590 4140 divus
623 4067 742 4142 Julius
777 4071 904 4142 tradit:
939 4068 1055 4163 eoque
1089 4068 1260 4140 credibile
1294 4079 1360 4152 est,

265 4189 379 4261 etiam
398 4184 522 4258 Gallos
537 4186 576 4255 in
593 4183 822 4256 Germaniam
839 4195 1085 4279 transgressos.
1136 4184 1359 4269 Quantulum

267 4307 365 4379 enim
389 4303 504 4376 amnis
529 4303 703 4385 obstabat,
720 4304 918 4395 quominus,
936 4312 978 4374 ut
996 4326 1145 4395 quaeque
1170 4325 1258 4397 gens
1282 4325 1361 4372 eva·
