3144 5080
1391 125 1436 287 s,

1386 334 1399 443 ll

294 419 357 488 lxii
575 431 652 486 rna
675 429 857 485 ounnnur
880 429 928 484 or
953 429 1118 486 merrus.

290 595 541 682 ‘cognoscendum
565 603 713 682 putaret;
753 596 822 660 lraec
851 619 927 674 esse,
956 619 1024 681 quae
1054 597 1095 662 ab
1125 619 1163 660 eo
1192 597 1391 681 postularet,

293 698 438 783 primum,
468 719 507 761 ne
536 719 630 782 quem
663 696 824 762 hominum
856 695 1091 762 multitudinem
1128 696 1262 782 amplius
1302 705 1395 763 trans

294 799 440 862 Rhenum
478 799 509 862 in
547 797 684 862 Galliam
716 797 950 862 transduceret:
995 797 1108 862 deinde
1144 798 1276 875 obsides,
1313 821 1395 882 quos

292 899 423 963 haberet
437 899 478 962 ab
493 898 621 976 AEduis,
638 897 782 962 redderet
799 898 1010 982 Sequanisque
1028 898 1233 983 permitteret,
1250 905 1296 976 ut,
1313 921 1393 983 quos

292 999 337 1063 illi
352 998 511 1076 habereut,
529 999 689 1064 voluntate
704 995 771 1084 ejus
785 998 914 1063 reddere
928 998 989 1064 illis
1012 999 1117 1063 liceret
1132 1022 1141 1070 3
1169 1019 1247 1063 neve
1263 998 1393 1063 AEduos

292 1097 406 1183 injuria
423 1099 597 1176 lacesseret,
613 1121 691 1164 neve
717 1099 766 1163 his
781 1097 909 1164 sociisve
927 1121 1033 1164 eorum
1058 1099 1173 1163 bellum
1188 1097 1337 1164 inferret:
1362 1100 1389 1165 si

292 1199 326 1264 id
355 1200 401 1264 ita
426 1199 550 1278 fecissit,
576 1199 635 1264 sibi
666 1198 840 1284 populoque
869 1199 1011 1263 Romano
1045 1205 1228 1284 perpetuam
1253 1200 1389 1285 gratiam

292 1308 387 1384 atque
409 1299 580 1364 amicitiam
608 1321 679 1364 cum
705 1321 741 1363 eo
768 1300 927 1364 futuram:
951 1299 977 1364 si
1002 1321 1065 1364 nou
1092 1301 1283 1384 impetraret,
1308 1323 1390 1377 sese,

292 1400 439 1485 quoniam
457 1400 505 1465 M.
525 1399 671 1478 Messala,
692 1399 740 1464 M.
758 1400 872 1464 Pisone
891 1399 976 1465 Coss.
994 1407 1121 1465 senatus
1136 1400 1313 1478 censuisset,
1327 1401 1388 1478 uti,

291 1501 478 1585 quicumque
508 1500 644 1565 Galliam
674 1500 865 1584 provinciam
903 1500 1069 1579 obtineret,
1102 1500 1186 1585 quod
1223 1501 1388 1565 commodo

291 1601 467 1688 reipublicae
482 1601 583 1666 facere
600 1609 716 1686 posset,
733 1600 861 1665 AEduos
876 1608 1055 1685 ceterosque
1069 1601 1186 1666 amicos
1202 1601 1307 1686 populi
1323 1601 1388 1665 Ro-

291 1703 376 1767 mani
399 1701 592 1776 defenderet,
616 1723 681 1765 sese
704 1700 885 1764 AEduorum
908 1699 1036 1787 injurias
1058 1723 1119 1765 non
1141 1701 1388 1787 neglecturum.”

353 1801 532 1866 XXXVI.
573 1799 628 1866 Ad
662 1801 727 1864 hac
760 1800 937 1866 Ariovistus
971 1801 1150 1886 respondit:
1191 1801 1288 1867 “Jus
1319 1825 1385 1868 esse

292 1902 375 1980 belli,
404 1911 450 1978 ut,
487 1903 539 1985 qui
569 1900 724 1978 vicissent,
751 1900 799 1978 iis,
831 1923 907 1985 quos
937 1901 1092 1981 vicissent,
1122 1901 1385 1986 quemadmodum

291 2003 419 2079 vellent,
437 2002 645 2087 imperarent:
670 1999 746 2065 item
773 2002 920 2086 populum
948 2001 1125 2066 Romanum
1140 2003 1231 2068 victis
1256 2025 1319 2068 nou
1343 2005 1386 2068 ad

291 2102 421 2168 alterius
437 2102 661 2187 praescriptum,
688 2101 743 2166 sed
760 2101 802 2166 ad
827 2123 917 2166 sunm
934 2103 1107 2168 'arbitrium
1134 2103 1285 2188 imperare
1311 2127 1386 2168 oon-

292 2225 406 2268 suesse.
452 2201 485 2267 Si
513 2202 578 2287 ipse
604 2199 718 2287 populo
744 2201 887 2280 Romano
910 2223 971 2266 nou
999 2203 1221 2288 prescriberet,
1237 2205 1387 2288 quemad-

292 2303 421 2368 modum
455 2325 511 2368 suo
536 2299 609 2388 jure
645 2309 808 2377 uteretur;
852 2323 915 2366 uon
940 2299 1090 2388 'oportere
1122 2325 1188 2370 sese
1221 2326 1240 2368 a
1270 2306 1386 2391 populo

293 2403 435 2468 Romano
460 2404 492 2468 in
515 2425 570 2468 suo
591 2401 664 2490 jure
688 2403 842 2489 impediri.
887 2402 1014 2468 AEduos
1040 2403 1108 2482 sibi,
1140 2405 1285 2488 quoniam
1312 2406 1385 2470 belli

291 2503 448 2569 fortunam
475 2511 649 2569 tentassent
673 2513 705 2568 et
741 2503 836 2568 ermis
862 2502 1018 2588 congressi
1042 2527 1080 2568 ac
1105 2506 1242 2590 superati
1270 2515 1385 2584 essent,

291 2604 508 2690 stipendiarios
523 2627 589 2670 esse
606 2605 716 2668 factos.
763 2604 915 2688 Magnam
939 2601 1093 2669 Gaesarem
1109 2603 1255 2691 injuriam
1272 2605 1383 2684 facere,

290 2707 342 2790 qui
368 2729 424 2770 suo
448 2705 586 2769 advemu
601 2703 766 2788 vectigalia
782 2703 841 2767 sibi
865 2703 1020 2768 deteriora
1035 2704 1163 2770 faceret.
1209 2706 1330 2771 AEduis
1351 2730 1385 2772 se

290 2805 413 2871 obsides
438 2804 635 2869 redditurum
661 2824 722 2867 non
749 2823 823 2882 esse,
843 2825 941 2887 neque
963 2803 1011 2880 iis,
1037 2827 1136 2890 neque
1161 2827 1267 2870 eorum
1293 2807 1385 2874 sociis

289 2903 405 2991 injuria
420 2905 535 2969 bellum
551 2904 719 2979 illaturum,
736 2904 762 2967 si
777 2903 810 2966 in
825 2927 861 2968 eo
877 2911 1048 2984 manerent,
1074 2905 1157 2990 quod
1180 2907 1385 2986 convenisset,

290 3005 540 3090 stipendiumque
570 3003 735 3087 quotannis
768 3003 961 3087 penderent;
1003 3006 1030 3070 si
1061 3005 1095 3070 id
1125 3028 1187 3070 uon
1226 3007 1383 3084 fecissent,

290 3104 381 3189 longe
406 3104 446 3168 iis
468 3105 641 3168 fraternum
660 3125 772 3168 nomeu
797 3103 903 3189 populi
918 3105 1053 3170 Romani
1068 3106 1238 3171 afuturum.
1292 3108 1386 3190 Quod

288 3204 347 3270 sibi
362 3203 465 3270 Oaesar
477 3204 688 3280 denunciaret,
703 3227 735 3268 se
744 3203 927 3268 AEduorum
938 3203 1065 3291 iujurias
1078 3229 1140 3270 non
1148 3208 1360 3292 neglecturum
1374 3236 1383 3284 ;

290 3305 446 3369 nemiuem
461 3326 565 3369 secum
589 3304 655 3369 sine
678 3326 735 3368 sua
759 3303 893 3389 pernicie
910 3306 1112 3372 contendisse.
1159 3307 1264 3388 Quum
1281 3308 1384 3386 vellet,

289 3405 550 3490 congrederetur3
575 3404 816 3479 intellecturum,
833 3403 908 3488 quid
935 3405 1042 3470 invicti
1058 3407 1205 3472 Germani
1232 3409 1383 3474 exercita-

288 3505 401 3571 tissimi
427 3506 459 3570 in
480 3505 585 3582 armis,
603 3504 655 3589 qui
681 3504 763 3568 iuter
788 3525 885 3568 anuos
913 3506 1147 3588 quatuordecim
1176 3514 1295 3574 tectum
1320 3531 1383 3574 uon

287 3605 442 3670 subissent
460 3605 576 3670 virtute
591 3604 747 3690 possent?

341 3705 541 3769 XXXVII.
569 3705 648 3769 Haec
671 3704 780 3769 eodem
805 3711 944 3790 tempore
967 3705 1083 3771 Oaesari
1105 3708 1255 3776 mandata
1271 3710 1383 3775 refere-

288 3805 412 3880 bantur,
428 3814 461 3870 et
487 3804 581 3890 legati
606 3806 647 3870 ab
667 3805 786 3870 AEduis
814 3812 845 3870 et
869 3827 889 3869 a
914 3805 1051 3872 Treviris
1067 3808 1253 3874 veniebant:
1278 3811 1384 3875 AEdui

287 3914 442 3990 questum,
470 3905 553 3989 quod
579 3905 736 3984 Harudes,
754 3907 807 3989 qui
835 3928 933 3990 nuper
961 3907 992 3970 iu
1017 3907 1153 3973 Galliam
1178 3911 1383 3997 transportati

288 4014 402 4081 esseut,
418 4003 495 4071 lines
519 4028 625 4070 eorum
650 4007 890 4092 popula-rentum
916 4029 983 4072 sese
1002 4029 1040 4071 ne
1066 4007 1227 4075 obsidibus
1256 4009 1381 4096 quidem

177 4160 179 4164 .
287 4105 371 4171 datis
407 4127 516 4191 pacem
549 4106 701 4171 Ariovisti
730 4107 882 4171 redimere
907 4108 1064 4192 potuisse:
1107 4108 1226 4176 Treviri
1263 4123 1381 4188 autem,

288 4228 385 4292 pagos
418 4214 545 4270 eentum
578 4206 751 4271 Suevorum
781 4207 823 4271 ad
857 4209 939 4292 ripas
977 4207 1094 4272 Rheni‘
1113 4211 1297 4289 consedisse,
1328 4213 1381 4296 qui

287 4307 433 4372 Rhenum
452 4307 583 4372 transire
610 4305 816 4381 concreatum
854 4307 891 4371 iis
919 4330 1048 4391 praeesse
1073 4308 1212 4376 Nasuam
1237 4320 1269 4378 et
1295 4311 1382 4378 Gim-

288 4407 407 4472 berium
434 4407 555 4472 fratres.
609 4407 729 4489 Quibus
751 4407 843 4472 rebus
860 4407 964 4473 (leesor
981 4409 1181 4476 vehementer
1198 4420 1384 4490 commotus,
