3088 5080
587 439 879 496 rnonnaonsna.
1227 424 1285 494 cix

189 599 275 666 dire:
300 602 450 688 milesque
467 602 609 689 pavidus,
625 609 657 667 et
673 623 800 668 casuum
822 601 918 665 maris
934 598 1068 684 ignarus,
1086 596 1161 661 dum
1177 596 1285 661 turbat

188 711 311 780 nautas,
328 702 377 767 vel
399 703 617 789 intempestive
633 699 736 788 juvat,
761 698 862 765 officia
884 698 1083 785 prudentium
1106 718 1285 780 corrumpe-

188 801 264 866 bat:
292 825 382 868 omne
407 803 519 868 dehinc
541 803 661 876 coelnm,
688 809 720 867 et
740 823 828 866 mare
847 822 939 865 omna
962 799 994 864 in
1017 805 1157 864 austrum
1180 796 1283 872 cessit,

190 903 241 984 qni
268 903 396 969 tumidis
424 903 600 969 Germanica
627 903 727 980 terris,
752 900 915 987 profundis
944 899 1098 976 amnibus,
1133 898 1284 962 immenso

190 1002 317 1067 nubium
344 1011 447 1068 tractu
472 1003 604 1082 validus,
626 1011 659 1068 et
685 1004 786 1088 rigore
809 1000 902 1067 vicini
930 997 1159 1085 septemtrionis
1185 996 1285 1063 borri-

190 1101 267 1180 dior,
293 1103 397 1188 rapuit
422 1100 606 1189 disjecitquc
628 1125 724 1168 naves
745 1101 778 1166 in
799 1109 909 1186 aperta
935 1100 1063 1178 Oceani,
1089 1107 1145 1164 ant
1171 1097 1286 1163 insulas

190 1203 275 1268 saxis
297 1203 448 1289 abruptis,
472 1204 522 1268 vel
545 1227 599 1289 per
623 1204 747 1268 occulta
768 1201 850 1266 vada
872 1199 1010 1266 infestas.
1056 1198 1177 1282 Quibus
1199 1199 1285 1283 paul·

190 1301 255 1368 lum
284 1326 425 1388 aegreque
456 1303 575 1381 vitatis,
606 1311 771 1389 postquam
802 1301 946 1368 mutabat
977 1308 1081 1374 aestns,
1114 1298 1285 1384 eodemque

189 1425 249 1486 quo
272 1413 385 1469 ventus
410 1403 550 1476 ferebam
580 1427 641 1469 non
667 1402 825 1468 adbaererc
851 1400 1004 1474 anchoris,
1032 1423 1094 1465 non
1121 1398 1285 1464 exhaurire

190 1503 403 1589 inrumpentes
427 1504 528 1570 undas
549 1511 714 1591 poterant:
745 1501 825 1587 equi,
846 1500 1002 1588 jumenta,
1027 1500 1165 1575 sarcina,
1188 1499 1285 1564 etiarn

189 1625 277 1668 arma
294 1605 538 1689 praecipitantur,
557 1629 618 1696 quc
636 1605 814 1670 levarentur
830 1601 910 1668 alvei
926 1609 1090 1666 manantes
1103 1623 1159 1686 per
1174 1600 1283 1678 latera,

189 1711 221 1768 et
236 1702 334 1768 fluctu
349 1713 581 1790 superargente.
1256 1718 1258 1728 '

234 1803 373 1870 XXIV.
401 1804 526 1886 Quanto
552 1803 715 1872 violentior
737 1813 840 1870 cetero
865 1802 943 1870 mari
974 1802 1127 1881 Oceanus,
1158 1807 1190 1866 et
1219 1809 1283 1865 tru-

189 1903 324 1967 culentia
349 1903 416 1967 coeli
439 1912 567 1989 prostat
589 1905 769 1978 Germania,
785 1913 910 1970 tanturn
933 1903 987 1968 illa
1014 1903 1120 1968 clades
1142 1901 1283 1968 novitate

193 2010 225 2066 et
251 2002 467 2088 magnitudine
490 2005 631 2083 excessit,
656 2005 819 2071 hostilibus
842 2005 957 2069 circum
983 2003 1135 2078 litoribus,
1160 2011 1216 2067 ant
1238 2001 1285 2068 ita

192 2111 281 2166 vasto
313 2112 345 2166 at
375 2102 537 2187 profundo,
568 2112 604 2168 nt
633 2105 779 2170 credatur
808 2104 1008 2169 novissimum
1034 2126 1072 2168 ac
1099 2103 1164 2169 sine
1192 2103 1283 2169 terris

190 2223 293 2266 mare:
313 2225 385 2288 pars
400 2202 526 2267 navium
543 2204 663 2269 haustas
678 2212 773 2278 sunt;
798 2205 912 2290 plnres,
928 2203 1012 2290 apud
1027 2203 1144 2268 insulas
1161 2204 1282 2289 longius

190 2302 267 2368 sitas
289 2300 417 2388 ejecta:
443 2303 592 2387 milesque
614 2304 700 2368 nullo
725 2304 787 2368 illic
811 2303 969 2368 hominnm
992 2304 1089 2379 cultu,
1117 2304 1200 2368 fama
1227 2305 1282 2369 ab·

190 2411 341 2488 sumptus,
375 2403 433 2469 nisi
459 2425 536 2487 qnos
561 2427 690 2490 corpora
719 2426 867 2488 equorum
893 2402 1003 2468 eodem
1031 2403 1106 2468 elisa
1129 2402 1282 2469 tolerave-

189 2510 270 2568 rant.
322 2502 396 2568 Sola
419 2503 596 2569 Germanici
618 2503 754 2570 triremis
777 2503 972 2568 Chaucorum
994 2511 1110 2568 terram
1136 2503 1279 2588 adpulit;

190 2625 281 2687 qnam
305 2626 360 2689 per
378 2627 485 2669 omnes
504 2604 573 2669 illos
598 2605 665 2670 dias
681 2613 858 2688 noctesque,
883 2603 967 2689 apud
992 2603 1135 2688 scopulos
1154 2611 1187 2667 at
1208 2626 1280 2689 pro·

189 2704 344 2768 minantes
359 2725 437 2778 oras,
465 2727 536 2770 cum
563 2711 583 2740 “
599 2728 632 2770 se
658 2706 741 2769 tanti
759 2704 848 2769 exitii
873 2701 990 2768 reum”
1017 2703 1202 2779 clamitaret,
1225 2703 1279 2768 vix

190 2803 355 2867 cohibuere
376 2805 477 2882 amici,
502 2805 665 2890 quominus
687 2805 796 2871 codem
820 2805 899 2868 mari
916 2811 1088 2891 oppeteret.
1140 2803 1281 2868 Tandem

190 2903 348 2969 relabente
377 2913 465 2980 aestn,
497 2914 529 2970 et
562 2905 753 2970 secundante
784 2914 889 2980 vento,
922 2905 1041 2970 claudae
1072 2927 1177 2981 naves,
1210 2927 1280 2970 raro

190 3004 329 3088 remigio,
359 3013 415 3070 ant
447 3004 576 3071 intentis
610 3006 757 3082 vestibus,
788 3013 820 3070 et
851 3005 994 3089 quadam
1027 3027 1047 3070 a
1081 3005 1281 3072 validioribus

189 3112 308 3182 tractae,
324 3113 497 3170 revertere:
521 3127 598 3190 quas
615 3106 730 3191 raptim
753 3107 883 3170 relectas
898 3105 993 3182 misit,
1011 3112 1047 3171 ut
1070 3113 1282 3171 scrutarentur

189 3204 325 3268 insulas:
353 3205 475 3269 collecti
497 3229 534 3269 ea
558 3229 632 3270 cura
651 3205 810 3291 plerique:
839 3206 955 3270 multos
981 3205 1159 3290 Angrivarii
1182 3229 1281 3292 nuper

189 3303 219 3367 in
236 3302 328 3368 fidem
346 3306 475 3391 accepti,
491 3305 669 3392 redemptos
685 3307 724 3372 ab
740 3305 939 3370 interioribus
953 3305 1134 3370 reddidere:
1152 3307 1279 3390 quidam

187 3403 218 3467 in
235 3404 431 3470 Britanniam
454 3406 546 3492 rapti,
563 3414 595 3470 et
610 3407 728 3472 remissi
744 3429 763 3470 a
777 3405 901 3491 regulis.
947 3405 996 3468 Ut
1019 3406 1087 3490 quis
1102 3428 1141 3470 ex
1158 3407 1280 3492 longin-

186 3526 246 3589 quo
262 3513 433 3582 ravcnerat,
460 3512 480 3542 “
498 3506 647 3570 miracula
659 3507 677 3532 ”
710 3507 890 3580 narrabant,
920 3511 941 3542 “
956 3505 1020 3569 vim
1047 3505 1216 3583 turbinum,
1245 3515 1277 3573 et

184 3605 343 3670 inauditas
371 3606 519 3681 volucres,
550 3613 689 3672 monstra
722 3607 825 3683 maris,
859 3605 1021 3690 ambiguas
1053 3605 1215 3670 hominnm
1245 3615 1278 3672 et

183 3704 357 3786 belluarum
376 3707 492 3771 formas
506 3705 537 3768 :³²
552 3707 628 3784 visa,
644 3706 709 3771 sive
728 3729 768 3770 ex
783 3716 870 3770 metu
885 3705 1014 3770 credita.

227 3806 348 3870 XXV.
372 3805 436 3870 Sed
463 3806 548 3872 fama
572 3807 680 3872 classis
703 3807 888 3883 amiserant
916 3807 1089 3870 Germanos
1116 3806 1157 3870 ad
1191 3829 1278 3893 spem

182 3905 265 3983 belli,
297 3907 343 3970 ita
373 3906 531 3972 Oaesarem
563 3907 604 3971 ad
635 3907 839 3971 coercendum
871 3907 980 3972 crexit.
1032 3906 1069 3972 O.
1097 3905 1174 3971 Silio
1206 3930 1277 3972 cum

183 4005 313 4091 triginta
336 4005 488 4092 pediturn,
510 4007 611 4072 tribus
632 4007 771 4091 equitnm
794 4006 930 4071 millibus
957 4005 1000 4071 ire
1025 4007 1058 4072 in
1085 4005 1196 4072 Cattos
1219 4008 1276 4072 im·

186 4113 297 4190 perat:
322 4108 386 4191 ipsa
409 4105 580 4194 majoribus
602 4107 699 4193 copiis
718 4108 840 4172 Marsos
862 4106 1031 4192 inrumpit:
1056 4129 1187 4191 quorum
1211 4108 1276 4172 dux

186 4204 395 4272 Malovendus
413 4230 511 4292 nuper
528 4208 559 4272 in
582 4207 774 4272 deditionem
794 4214 951 4292 acceptus,
976 4207 1185 4293 “propinquo
1205 4208 1275 4272 luco

184 4305 339 4372 defossam
357 4307 504 4372 Variana
520 4307 649 4394 legionis
665 4308 801 4392 aquilam
818 4307 941 4372 modico
965 4308 1108 4393 prasidio
1133 4307 1277 4374 servari''

183 4406 313 4473 indicat.
365 4407 466 4474 Missa
486 4408 644 4493 externplo
667 4431 788 4487 manus,
815 4431 886 4493 quae
912 4409 1033 4474 bostem
1061 4407 1204 4474 afronte
1224 4408 1276 4472 ali-
