3144 5080
310 373 403 443 lxxii
589 383 666 442 run
688 385 870 439 ounnnuu
896 384 1134 441 osraenos

314 551 398 635 ripas
421 548 526 613 Rheni
546 555 705 625 venerant,
729 546 857 612 domum
876 547 989 612 reverti
1012 554 1191 633 caeperunt:
1215 567 1291 631 quos
1325 546 1423 622 Utis,

317 651 368 734 qui
393 647 526 734 proximi
549 647 694 713 Rhenum
718 647 867 724 incolunt,
891 648 1071 732 perterritos
1097 646 1238 722 insecuti,
1263 668 1423 734 magnum

318 773 358 813 ex
373 749 422 813 his
435 770 596 812 nnmerum
613 747 804 814 occiderunt.
855 747 969 824 Ceasar,
985 769 1048 812 una
1062 754 1170 812 aestate
1187 747 1309 812 duobus
1323 769 1424 811 max-

318 849 390 914 imis
405 847 494 912 bellis
508 848 666 928 confectis,
683 847 835 913 maturius
847 847 960 932 paullo,
974 869 1068 932 qnam
1080 855 1203 932 tempus
1217 847 1290 912 anui
1307 853 1422 932 postu-

319 950 417 1025 labat,
438 948 471 1012 in
493 947 622 1013 hiberna
643 947 676 1012 in
699 948 858 1032 Sequanos
887 947 1057 1012 exercitum
1091 947 1244 1012 deduxit:
1275 946 1423 1011 hibernis

322 1049 495 1117 Labienum
510 1049 698 1134 praeposuit:
725 1047 836 1134 ipsein
853 1047 1027 1113 citeriorem
1038 1045 1174 1112 Galliam
1186 1047 1227 1112 ad
1243 1055 1421 1112 conventus

321 1148 458 1236 agendos
473 1148 629 1234 profectos
643 1156 701 1214 est.

707 1323 778 1364 CM.
798 1323 880 1363 Beth.
897 1323 983 1364 aaut..
1000 1323 1034 1364 11.

370 1446 432 1516 IV.
469 1449 574 1531 Quum
605 1447 645 1512 ab
679 1446 728 1511 his
759 1453 921 1530 quareret,
951 1469 1019 1531 qnae
1048 1445 1201 1524 civitates,
1232 1453 1422 1531 quantaeque

322 1550 354 1614 in
378 1549 473 1614 armis
495 1555 609 1620 essent,
633 1555 665 1610 et
688 1546 762 1630 quid
780 1546 810 1610 in
824 1546 904 1611 bello
919 1553 1053 1632 possent,
1077 1547 1121 1612 sic
1136 1547 1329 1632 reperiebat:
1350 1546 1420 1632 ple·

325 1672 435 1732 rosque
451 1648 565 1734 Bclpas
586 1669 643 1712 esso
659 1655 738 1711 ortos
751 1645 789 1710 od
807 1647 992 1719 Germanis:
1016 1646 1222 1731 Rhenumque
1244 1645 1421 1730 antiquitus

326 1749 536 1822 transductos,
553 1755 679 1832 propter
693 1746 753 1810 loci
768 1746 961 1812 fertilitatem
976 1745 1020 1811 ibi
1036 1747 1221 1824 consedisse,
1238 1746 1418 1830 Gallosque,

326 1847 378 1932 qui
395 1871 433 1913 ea
446 1849 516 1912 loca
537 1848 717 1922 incolerent,
742 1846 920 1932 expulisse:
944 1846 1084 1932 solosque
1106 1869 1182 1922 esse,
1205 1846 1267 1932 qui,
1292 1857 1420 1932 patrum

327 1956 504 2012 nostrorum
520 1947 679 2022 memoria,
692 1945 774 2010 omni
791 1945 894 2012 Gallia
906 1955 1031 2026 vexata,
1048 1947 1206 2014 Teutonos
1217 1947 1421 2031 Cimbrosque

328 2049 413 2114 intra
436 2045 512 2112 fines
537 2069 609 2112 snos
632 2046 751 2132 ingredi
778 2047 1001 2132 prohibuerint.
1052 2049 1123 2130 Qua
1143 2069 1183 2112 ex
1209 2069 1242 2112 re
1266 2045 1344 2121 fieri,
1372 2047 1422 2112 uti

329 2170 434 2212 earum
451 2171 554 2212 rernm
569 2147 718 2212 memoria
738 2169 884 2232 magnam
906 2147 965 2213 sibi
989 2149 1208 2213 auctoritatem
1233 2169 1424 2232 magnosque

328 2247 455 2332 spiritus
476 2247 508 2312 in
532 2271 564 2312 re
586 2247 713 2312 militari
734 2255 901 2313 sumerent.
964 2249 1014 2312 De
1038 2271 1167 2314 numero
1188 2270 1293 2313 eorum
1315 2248 1424 2311 omnia

330 2371 363 2413 se
385 2348 499 2413 habere
520 2349 693 2435 explorata,
717 2347 808 2413 Remi
829 2347 986 2428 dicebant,
1009 2356 1174 2435 propterea
1192 2349 1275 2432 quod
1295 2347 1423 2433 propin-

329 2449 502 2535 quitatibus
518 2448 794 2532 adlinitatibusqne
816 2445 983 2533 conjuncti,
1004 2457 1152 2533 quantam
1167 2449 1295 2533 quisque
1314 2448 1425 2512 multi-

329 2549 470 2616 tudinem
486 2551 516 2614 in
535 2548 691 2615 communi
708 2547 875 2633 Belgarum
892 2549 1021 2613 concillo
1032 2549 1074 2613 ad
1085 2548 1118 2613 id
1131 2549 1246 2614 bellum
1264 2547 1425 2634 pollicitus

329 2650 380 2727 sit,
403 2650 616 2736 cognoverint.
661 2647 835 2712 Plurimum
859 2647 941 2712 inter
963 2671 1015 2714 eos
1037 2649 1216 2716 Bellovacos
1238 2657 1270 2713 et
1291 2648 1423 2726 virtute,

330 2757 363 2815 et
379 2749 577 2824 auctoritate,
590 2756 622 2813 et
632 2748 792 2811 hominum
809 2769 936 2812 numero
951 2749 1071 2814 valere:
1096 2749 1153 2814 hos
1167 2772 1255 2836 posse
1271 2747 1424 2813 conficere

331 2857 455 2914 armata
483 2848 582 2912 millia
609 2855 756 2912 eentum:
790 2846 943 2931 pollicitos
967 2871 1007 2914 ex
1029 2872 1066 2914 eo
1086 2871 1215 2914 numero
1238 2849 1339 2915 electa
1360 2872 1423 2926 xm,

331 2950 490 3031 totiusque
505 2948 576 3012 belli
594 2947 757 3033 imperium
779 2947 837 3013 sibi
859 2948 1025 3033 postulare.
1072 2950 1250 3014 Suessiones
1268 2971 1340 3014 suos
1354 2971 1424 3013 esse

332 3046 490 3126 finitimos,
517 3048 682 3114 latissimos
707 3047 969 3134 feracissimosque
994 3071 1086 3135 agros
1112 3049 1277 3136 possidere.
1322 3049 1423 3135 Apud

333 3171 386 3212 eos
413 3148 507 3214 fuisse
533 3171 638 3233 regem
666 3157 772 3213 nostra
799 3149 895 3213 etiam
923 3149 1072 3214 memoria
1095 3150 1297 3224 Divitiacum,
1325 3149 1425 3214 totius

334 3248 444 3313 Galliae
455 3248 712 3333 potentissimum,
725 3247 776 3333 qui
789 3270 884 3331 quum
894 3271 1013 3335 magnae
1025 3249 1122 3334 partis
1131 3249 1241 3314 harum
1251 3248 1424 3334 regionum,

335 3359 402 3414 tum
426 3349 520 3413 etiam
543 3348 713 3413 Britanniae
740 3347 902 3432 imperium
924 3348 1110 3414 obtinuerit:
1138 3371 1219 3414 nnnc
1237 3371 1303 3414 esse
1317 3371 1426 3434 regem

336 3448 488 3515 Galbam:
519 3450 561 3514 ad
592 3449 685 3524 hunc,
709 3457 835 3534 propter
852 3445 1009 3534 justitiam
1032 3450 1301 3535 prudentiamque,
1326 3448 1427 3514 totius

336 3549 408 3615 belli
439 3572 592 3615 summam
626 3550 765 3613 omnium
797 3549 957 3614 voluntate
989 3547 1121 3614 deferri:
1160 3549 1276 3636 oppida
1305 3549 1424 3614 habere

337 3673 466 3715 numero
490 3673 558 3727 x11.,
589 3649 733 3735 pollicere
754 3647 851 3714 millia
872 3657 993 3714 armata
1012 3649 1257 3735 qninquaginta:
1290 3648 1426 3714 totidem

338 3750 484 3828 Nervios,
505 3751 557 3834 qui
580 3750 715 3814 maxime
729 3749 786 3814 feri
801 3747 883 3814 inter
896 3749 978 3835 ipsos
995 3750 1169 3816 habeantur
1185 3750 1424 3836 longissimeque

336 3852 460 3916 absint:
493 3874 546 3914 xv.
568 3849 666 3914 millia
685 3849 875 3914 Atrebates:
900 3849 1074 3916 Ambianos
1090 3873 1121 3914 x.
1137 3849 1254 3916 millia:
1280 3848 1424 3914 Morinos

336 3973 414 4016 xxv.
460 3949 574 4014 millia:
630 3949 793 4036 Menapios
834 3973 878 4014 1x.
914 3950 1029 4014 millia:
1078 3950 1202 4016 Caletos
1240 3974 1270 4018 x.
1301 3949 1423 4014 millia:

338 4051 522 4132 velocasses
558 4057 591 4114 et
631 4049 868 4115 Veromanduos
909 4049 1063 4114 totidem:
1109 4050 1295 4116 Aduatucos
1330 4073 1424 4115 xxrx.

335 4150 442 4226 millia,
475 4149 661 4224 Condrusos,
687 4147 859 4228 Eburones,
888 4149 1047 4226 anraesos,
1079 4151 1254 4229 Paemanos,
1281 4151 1336 4238 qni
1364 4171 1427 4218 aaa

335 4253 455 4317 nomios
472 4251 620 4316 &aaut
636 4249 846 4336 adponuntur,
863 4250 1007 4316 arbitrari
1024 4251 1062 4316 ad
1083 4275 1132 4316 χι.
1147 4251 1255 4318 millia.
