3226 5088
487 449 607 505 uorns
633 449 685 505 ou
711 446 872 504 sncrrou
898 447 1029 503 xxv111.
1253 434 1301 504 89

210 605 352 683 recipiunt
373 612 403 664 et
424 605 627 676 demonstrant,
640 604 696 664 sibi
710 611 817 682 prseter
837 602 898 680 egri
917 603 1008 662 solum
1028 601 1102 662 nibil
1117 621 1175 662 esse
1188 602 1299 680 reliqui.

210 703 321 775 Quibus
339 703 424 762 rebus
443 703 583 762 sdductus
597 701 696 773 Omont,
711 721 768 761 non
789 701 1010 779 exspectandum
1025 701 1079 761 sibi
1096 701 1207 773 statuit,
1222 701 1300 774 dum,

210 801 341 860 omnibus
364 799 486 860 fortunis
511 801 650 860 sociorum
677 799 840 871 consumtis,
865 799 896 856 in
921 797 1061 858 Santonos
1085 797 1212 858 Helvetii
1236 816 1300 877 per-

210 899 347 958 venirent

249 994 321 1055 XII.
343 994 463 1054 Flumen
483 1002 525 1054 est
539 994 620 1067 Arm,
634 994 712 1071 quod
724 1014 775 1073 per
787 993 856 1052 fines
871 991 1031 1052 AEdnorum
1051 999 1080 1052 et
1103 991 1298 1070 Sequanorum

209 1094 241 1152 in
264 1091 435 1152 Rhodanum
458 1092 556 1151 influit
580 1091 742 1150 incredibili
765 1091 892 1162 lenitate,
915 1091 1010 1150 itaut
1034 1089 1132 1160 oculis,
1154 1091 1185 1149 in
1202 1097 1298 1150 utrem

211 1197 318 1268 partem
332 1190 412 1260 fluat,
424 1189 548 1267 judicari
558 1209 615 1248 non
634 1189 733 1268 possit
773 1187 809 1246 Id
831 1187 958 1247 Helvetii
980 1187 1090 1246 retibus
1108 1207 1141 1247 sc
1160 1187 1298 1248 lintribus

204 1286 314 1364 junctis
324 1287 492 1346 transibant
534 1285 593 1345 Ubi
607 1306 658 1365 per
666 1285 857 1365 exploratores
868 1285 959 1344 Omsar
969 1285 1073 1346 certior
1082 1284 1173 1344 factus
1183 1291 1233 1357 est,
1242 1293 1300 1344 tres

204 1385 265 1463 jam
292 1385 438 1464 copiarum
462 1391 556 1464 partes
584 1383 730 1444 Helvetios
752 1383 783 1442 id
806 1383 914 1443 flumen
937 1382 1140 1455 transduxisse,
1164 1391 1296 1460 quartam

207 1503 273 1542 vero
294 1489 405 1562 partem
423 1483 496 1544 citra
514 1482 622 1541 flumen
643 1481 757 1542 Ararim
779 1480 918 1557 reliquam
938 1499 1016 1538 esse:
1038 1479 1073 1538 de
1093 1479 1179 1538 tertis
1196 1479 1297 1556 vigilis

207 1600 272 1640 cum
293 1579 453 1658 legionibus
476 1579 569 1639 tribus
583 1599 598 1638 e
611 1579 710 1638 castris
732 1578 882 1657 proiectus,
896 1576 933 1636 sd
947 1595 1008 1636 earn
1028 1583 1138 1655 purtem
1157 1578 1295 1654 pervenit,

206 1696 270 1754 quse
297 1677 425 1736 nondum
452 1677 558 1736 flumen
593 1676 751 1736 transierat
794 1675 849 1734 Eos
883 1675 1035 1752 impeditos
1061 1688 1090 1733 et
1115 1673 1296 1752 inopinantes

206 1775 362 1852 adgressus,
375 1793 509 1852 magnam
522 1793 619 1833 eorum
637 1782 747 1851 partem
768 1772 911 1832 concidit:
934 1771 1037 1849 reliqui
1055 1771 1130 1850 fugas
1144 1791 1202 1831 sese
1214 1791 1295 1830 man·

207 1872 313 1930 darunt
326 1879 412 1949 atque
425 1873 456 1929 in
470 1871 614 1950 proximas
629 1871 713 1929 silvas
726 1871 909 1930 abdiderunt.
949 1869 979 1928 ls
992 1889 1082 1948 pagus
1095 1868 1294 1947 adpellabntur

208 1967 384 2046 ligurinus:
406 1987 472 2026 nam
486 1969 577 2027 omnis
592 1969 691 2027 eivitns
706 1967 839 2026 Helvetia
853 1968 883 2026 in
897 1975 1020 2044 quatuor
1034 1987 1120 2045 pagos
1136 1967 1228 2026 divisa
1241 1975 1292 2028 est.

207 2064 266 2123 Hic
288 2084 376 2142 pegus
400 2085 482 2136 unus,
496 2084 586 2142 quum
607 2066 689 2123 domo
711 2066 823 2136 exisset,
842 2072 957 2143 patrum
979 2072 1140 2123 nostrorum
1159 2065 1295 2124 memoris

207 2160 239 2219 Is.
254 2161 381 2220 Gessium
407 2163 549 2221 consulem
575 2162 754 2221 interfecerat
781 2170 810 2220 et
836 2161 897 2239 ejus
924 2163 1081 2220 exercitum
1109 2162 1163 2221 sub
1187 2161 1292 2239 jugum

207 2259 328 2318 miserat
371 2258 426 2332 Ita,
447 2259 506 2318 sive
528 2279 601 2332 casu,
625 2259 683 2318 sire
707 2259 824 2318 consilio
847 2259 964 2318 deorum
988 2259 1202 2332 immortalium,
1226 2279 1292 2336 quse

205 2375 269 2434 pars
283 2356 407 2415 civitatis
423 2357 562 2416 Helvetiis
582 2357 723 2435 insignem
744 2357 935 2416 calamitatem
953 2357 1060 2435 populo
1074 2356 1201 2416 Romam
1215 2357 1293 2416 intu-

204 2454 284 2525 lerat,
297 2472 330 2512 oa
343 2453 474 2531 princeps
488 2473 586 2532 poenas
600 2453 744 2532 persolvit.

397 2621 415 2658 Ι
537 2621 555 2658 Ι
677 2612 695 2657 ὗ
817 2621 835 2658 Ι
957 2621 975 2658 Ι
1097 2619 1113 2650 ff

244 2747 375 2808 XXVII.
396 2749 530 2823 Helvetii,
559 2750 687 2809 omnium
717 2769 812 2808 rerum
846 2749 943 2827 inopia
972 2747 1098 2821 adducti,
1122 2747 1230 2828 legatos
1255 2747 1291 2808 de

204 2847 347 2906 deditione
361 2847 396 2906 nd
410 2867 476 2906 eum
489 2849 635 2908 miserunt
677 2846 734 2918 Qui
747 2867 838 2925 quum
852 2867 917 2906 eum
932 2847 962 2906 in
976 2847 1078 2906 itinere
1092 2846 1290 2906 convenissent

202 2963 287 3021 seque
313 2945 349 3004 ad
376 2945 460 3023 pedes
485 2945 667 3024 projecissent
694 2944 917 3024 suppliciterque
943 2945 1034 3004 locuti
1067 2944 1165 3003 flentes
1192 2963 1289 3023 penem

201 3043 344 3119 petissent,
368 3051 454 3120 atque
475 3063 520 3102 eos
544 3045 575 3102 in
600 3063 632 3102 eo
655 3044 724 3114 loeo,
745 3049 884 3122 quotum
908 3049 1007 3115 essent,
1029 3063 1113 3102 snum
1134 3043 1289 3102 adrentum

201 3149 362 3218 exspectare
366 3142 503 3218 jussisset,
512 3147 677 3219 paruerunt.
711 3140 753 3198 Eo
762 3148 913 3218 postquam
922 3139 1015 3199 Oaesar
1025 3141 1162 3218 pervenit,
1172 3140 1291 3212 obsides,

200 3258 286 3310 arma,
307 3259 408 3311 servos,
432 3239 483 3316 qui
504 3238 540 3297 sd
561 3258 606 3297 eos
626 3238 824 3316 perfugissent,
842 3237 978 3317 poposcit.
1021 3237 1098 3297 Dum
1119 3258 1152 3298 ea
1172 3237 1289 3315 conqui-

202 3342 307 3394 runtur
333 3343 361 3394 st
385 3336 577 3408 conseruntur,
599 3344 682 3395 nocte
703 3336 872 3408 intermisso,
893 3335 1005 3394 circiter
1026 3334 1174 3394 hominum
1195 3335 1288 3394 millia

202 3449 239 3490 vr.
255 3431 315 3509 ejus
329 3433 404 3510 pugi,
418 3433 469 3510 qui
491 3432 668 3510 Verbigenus
686 3431 855 3510 sdpsllatur,
877 3431 936 3490 sive
954 3432 1056 3491 timore
1076 3433 1227 3510 perterriti,
1252 3452 1288 3492 ne

199 3531 285 3588 armis
305 3529 418 3589 truditis
438 3530 579 3608 supplicio
598 3529 795 3602 sdfiosrentur‚
809 3529 868 3588 sive
886 3549 935 3607 sps
954 3529 1054 3588 salutis
1067 3529 1187 3603 inducti,
1202 3529 1287 3607 quod,

201 3627 230 3684 in
252 3633 332 3686 tanta
352 3627 539 3688 multitudine
561 3626 766 3698 dedititiorum,
780 3646 860 3686 suam
880 3627 979 3704 fugam
999 3633 1052 3686 aut
1070 3627 1216 3698 occultari,
1236 3634 1288 3687 aut

199 3725 313 3783 omnino
336 3725 462 3804 ignorari
489 3743 567 3803 posse
589 3724 794 3796 existimarent,
815 3724 909 3800 prima
928 3729 1010 3783 nocte
1030 3743 1045 3783 e
1065 3724 1165 3782 cestris
1185 3723 1289 3784 Helve-

199 3822 305 3881 tiorum
318 3823 430 3902 sgrassi,
443 3823 480 3882 sd
495 3821 626 3882 Rhenum
640 3822 766 3900 finesque
778 3823 985 3881 Germanorum
998 3821 1215 3882 contenderunt.

239 3918 386 3980 XXVIII.
408 3919 489 3992 Quod
512 3921 563 3980 ubi
588 3919 683 3979 Caesar
703 3919 805 3991 resciit,
828 3938 950 3996 quorum
971 3939 1021 3998 per
1038 3919 1107 3978 fines
1120 3920 1220 3992 iersnt,
1233 3917 1287 3992 his,

197 4015 240 4075 uti
249 4019 449 4094 conquirerent
459 4027 487 4078 et
498 4017 671 4089 reducerent,
685 4017 710 4076 si
721 4016 776 4076 sibi
791 4017 906 4095 purgati
920 4036 978 4075 esse
991 4017 1103 4087 vellent,
1117 4017 1285 4096 imperarit:
1373 4053 1376 4059 ·

194 4113 324 4173 reductos
352 4115 383 4173 in
410 4115 535 4175 bostium
563 4135 681 4175 nomem
708 4113 831 4174 babuit:
852 4114 975 4191 reliquos
1002 4134 1106 4188 omnes,
1130 4116 1285 4188 obsidibus,

194 4211 289 4282 armis,
303 4211 428 4290 perfugis
441 4213 563 4283 traditis,
577 4213 609 4272 in
623 4211 797 4272 deditionem
810 4211 926 4290 accepit.
970 4212 1122 4285 Helvetios,
1138 4213 1286 4292 Tulingm,

194 4307 361 4388 latobrigos
373 4309 406 4367 in
418 4309 489 4368 fines
502 4329 574 4382 suos,
589 4308 665 4369 unde
678 4317 759 4368 erant
773 4309 901 4388 profecti,
914 4311 1018 4369 reverti
1029 4310 1116 4388 jussit
1126 4331 1135 4384 ς
1156 4316 1185 4370 st
1198 4310 1283 4388 quod,

193 4405 326 4466 omnibus
349 4405 489 4466 fructibus
509 4407 626 4478 amissis,
646 4407 722 4466 domi
744 4407 818 4466 nibil
840 4415 909 4480 erat,
928 4427 985 4484 quo
1003 4409 1108 4467 famem
1122 4407 1285 4478 tolerarent,
