3088 5080
281 337 387 406 cxxvi
556 349 632 404 run
657 348 839 404 unnuaur
866 348 914 405 or
937 348 1104 406 rrcrrus.

281 505 409 591 μεταξὺ
433 509 490 586 τῆς
512 503 686 584 θαλάττης
712 502 858 568 καὶτῶν
883 502 970 570 ε’ὠων
1000 509 1173 591 Γερμανῶν
1200 505 1383 594 ἱδρυμενόν·

279 613 386 675 Τοῦτο
402 607 438 672 δὲ
453 607 490 673 τὸ
506 606 586 674 αὐτὸ
613 605 764 689 άγνόημα
780 604 928 691 καὶπερὶ
951 609 1016 672 τῶν
1031 605 1147 673 ἄλλων
1170 613 1236 676 τῶν
1260 613 1384 698 ἐφεξῆς

279 709 518 798 προσαρκτίων
534 709 658 792 ἔλεγεν.
704 709 791 774 Οὔτε
804 708 869 792 ’γὰρ
893 708 970 780 τοὺς
986 711 1188 795 Βαστάρνας,
1205 714 1281 780 οὔτε
1303 718 1382 786 τοὺς

281 812 507 900 Σαυρομάτας,
533 813 590 878 καὶ
615 813 734 883 ἁπλῶς
753 812 830 882 τοὺς
867 811 949 899 ὑπὲρ
973 817 1033 879 τοῦ
1053 813 1181 882 Πόντου
1207 816 1382 891 οἰκοῦντας

281 919 387 1001 ἴσμεν,
404 915 472 984 οὔθ’
489 915 616 983 ὁπόσον
629 915 798 1002 ἀπέχουσι
814 919 872 995 τῆς
887 913 1093 1000 Ἀτλαντικῆς
1112 917 1295 1002 θαλάττης,
1311 922 1381 988 οὔτ’

282 1021 312 1088 ei
327 1021 556 1088 συνάπτουσιν
573 1019 607 1084 ἐν
621 1018 716 1102 αὐτῇ.

329 1263 344 1346 ᾗ
365 1286 445 1328 XXII.
473 1284 582 1326 reomela
604 1284 641 1324 01ι
663 1283 815 1323 GERMANY
838 1283 920 1324 FROM
946 1283 1119 1327 POMPONIUS
1142 1289 1235 1344 MELA,
1263 1292 1308 1331 111.

321 1416 368 1482 II.
395 1416 534 1493 Rhenus,
550 1413 591 1478 ab
608 1412 742 1498 Alpibus
760 1411 913 1490 decidens,
930 1434 1026 1496 prope
1043 1435 1063 1476 a
1078 1414 1180 1498 capite
1199 1415 1277 1481 duos
1291 1417 1378 1486 lacus

278 1516 383 1594 efficit,
408 1517 568 1581 Venetunr
597 1520 630 1578 et
653 1510 837 1576 Aercuium.
886 1512 966 1576 Mox
994 1512 1048 1578 diu
1078 1511 1206 1590 solidus,
1227 1527 1260 1580 et
1289 1529 1376 1584 certo

279 1618 368 1683 alveo
383 1618 498 1702 lapsus,
512 1614 598 1678 haud
612 1612 719 1698 procul
734 1635 754 1676 a
768 1612 847 1676 mari
862 1611 924 1676 huc
944 1621 976 1678 et
992 1612 1066 1678 illuc
1082 1614 1290 1702 dispergitur;
1318 1623 1374 1686 sed

278 1718 321 1782 ad
337 1716 495 1783 sinistram
511 1713 612 1779 amnis
639 1714 735 1777 etiam
759 1721 836 1790 turn,
853 1719 885 1776 et
903 1712 1002 1778 donec
1026 1712 1142 1794 effluat,
1159 1717 1307 1794 Rhenus,
1330 1721 1374 1786 ad

278 1817 424 1882 dextram
449 1815 549 1901 primo
574 1821 725 1898 augustus
750 1821 783 1878 et
811 1812 858 1878 sui
885 1812 1002 1892 similis,
1021 1823 1092 1900 post
1119 1817 1194 1902 ripis
1218 1817 1309 1905 longe
1333 1845 1373 1886 ac

278 1918 342 1982 late
359 1915 607 1991 recendentibus,
620 1910 689 2000 jam
705 1935 766 1977 non
784 1913 885 1978 amnis
906 1914 962 1978 sed
977 1914 1086 2000 iugens
1106 1916 1202 1996 lacus,
1221 1919 1273 1984 ubi
1289 1944 1373 1986 eam·

277 2040 335 2103 pos
366 2016 518 2102 implevit,
547 2013 646 2078 Flavo
672 2012 803 2078 dicitur:
843 2010 1041 2100 ejusdemque
1074 2017 1207 2084 nominis
1238 2020 1371 2087 insulam

276 2117 452 2204 amplexus,
469 2114 505 2181 fit
520 2115 633 2180 iterum
648 2114 773 2190 arctior,
789 2113 963 2198 iterumque
978 2113 1090 2181 fluvius
1104 2117 1269 2185 emittitur.

321 2217 388 2283 III.
413 2216 581 2281 Germania
607 2214 678 2278 hinc
698 2213 773 2300 ripis
799 2211 866 2299 ejus
890 2235 987 2299 usque
1010 2216 1052 2280 ad
1071 2218 1179 2304 Alpes,
1199 2242 1219 2284 a
1239 2223 1371 2287 meridie

277 2318 352 2404 ipsis
369 2317 516 2403 Alpibus,
532 2316 572 2381 ab
590 2315 710 2379 oriente
733 2314 977 2379 Sarmaticarum
993 2313 1124 2382 confinio
1141 2319 1292 2404 gentium,
1308 2348 1372 2408 qua

276 2418 518 2506 septentrionem
557 2423 690 2502 spectat,
720 2415 864 2479 oceanieo
908 2414 998 2480 litora
1036 2417 1173 2484 obducta
1204 2429 1262 2486 est.
1308 2425 1370 2506 Qui

274 2519 430 2598 habitant,
447 2518 599 2582 immanes
617 2523 690 2582 sunt
705 2515 816 2579 animis
828 2523 922 2600 atque
933 2518 1119 2602 corporibus,
1139 2527 1171 2584 et
1187 2521 1229 2585 ad
1244 2523 1370 2589 insitam

274 2619 432 2685 feritatem
450 2627 535 2684 vaste
553 2625 684 2700 utraque
700 2623 856 2694 exercent,
875 2615 1019 2682 bellando
1035 2619 1165 2698 animos,
1183 2644 1313 2708 corpora
1325 2625 1371 2690 ad

275 2719 531 2786 cousuetudinem
546 2717 698 2792 laborum,
713 2715 851 2780 maxime
869 2715 999 2802 frigoris.
1052 2717 1137 2784 Nudi
1153 2731 1262 2807 agunt,
1280 2735 1367 2790 ante·

274 2843 371 2904 quum
388 2819 520 2904 puberes
535 2818 620 2892 siut;
645 2823 677 2880 et
702 2816 883 2901 longissima
896 2817 981 2902 apud
1005 2841 1056 2883 eos
1072 2822 1204 2904 pueritia
1220 2831 1285 2889 est:
1309 2826 1369 2890 viri

275 2920 357 3005 sagis
382 2920 533 2994 velantur,
563 2924 619 2982 aut
649 2915 736 2981 libris
773 2915 928 2994 arborum,
961 2919 1103 3002 quemvis
1134 2943 1217 2987 saeva
1255 2925 1367 2990 hieme.

276 3017 382 3083 Nandi
406 3041 467 3082 nou
484 3017 637 3103 patientia
654 3024 778 3080 tantum
802 3015 872 3092 illis,
890 3017 1026 3082 studium
1050 3021 1146 3084 etiem
1170 3031 1229 3089 est.
1279 3025 1370 3091 Bella

275 3142 347 3183 cum
373 3115 512 3183 finitimis
539 3129 671 3204 gerunt:
697 3139 806 3180 causas
830 3139 937 3182 eorum
966 3141 1006 3182 ex
1034 3119 1161 3185 libidine
1187 3135 1367 3198 arcessunt;

275 3241 375 3303 neque
393 3217 591 3304 imperitandi
608 3216 854 3302 prolatandique,
873 3240 941 3301 quae
964 3219 1123 3303 possident
1150 3216 1237 3303 (uam
1261 3247 1299 3290 ue
1314 3225 1369 3290 illa

274 3320 401 3404 quidem
424 3318 515 3383 enixe
538 3319 670 3400 colunt),
694 3317 748 3381 sed
773 3325 818 3393 ut,
842 3318 924 3381 eirca
944 3319 1028 3404 ipsos
1051 3343 1119 3404 quas
1135 3319 1255 3407 jacent,
1278 3335 1369 3392 vasta

273 3421 347 3484 siut.
398 3417 460 3483 Jus
481 3419 512 3482 in
541 3417 658 3483 viribus
684 3417 809 3495 habent,
842 3417 921 3482 adeo
943 3426 979 3482 ut
1004 3441 1044 3484 ne
1067 3419 1220 3488 latrocinii
1242 3425 1367 3509 quidem

275 3520 412 3604 pudeat;
437 3527 561 3584 tanturn
579 3516 753 3603 hospitibus
772 3517 856 3592 boni,
871 3517 1023 3603 mitesque
1042 3521 1253 3607 supplicibus:
1278 3527 1365 3590 victu

273 3620 317 3684 ita
346 3620 447 3704 asperi
477 3618 657 3702 incultique,
685 3624 721 3681 ut
751 3616 848 3681 cruda
872 3617 967 3683 etiam
993 3643 1086 3686 earne
1111 3635 1284 3702 vescantur,
1310 3635 1368 3690 aut

272 3721 399 3798 recenti,
434 3727 490 3784 aut
524 3741 595 3783 cum
624 3718 777 3803 rigentem
819 3716 851 3781 in
882 3719 957 3803 ipsis
988 3721 1142 3805 pecudum
1171 3723 1368 3810 ferarumque

271 3820 373 3898 coriis,
405 3819 549 3884 manibus
580 3818 770 3904 pedibusque
803 3817 985 3903 subigendo,
1017 3833 1217 3889 renovarunt.
1268 3826 1368 3891 Terra

272 3921 340 4005 ipsa
365 3920 472 3986 multis
493 3920 645 4004 impedita
666 3916 854 3995 fluminibus,
877 3919 985 3985 multis
1007 3922 1168 3988 montibus
1189 3947 1308 4010 aspera,
1330 3935 1367 3991 et

271 4043 386 4106 magna
401 4042 441 4083 ex
458 4028 548 4105 parte
563 4020 648 4084 silvis
670 4041 707 4081 ae
729 4017 894 4102 paludibus
910 4019 1004 4085 invia.
1057 4021 1225 4102 Paludum,
1244 4025 1366 4104 Suesia,

272 4121 374 4196 Estia,
391 4127 423 4184 et
440 4119 638 4204 Melsiagum,
655 4117 813 4182 maximae:
838 4119 997 4199 silvarum,
1014 4120 1186 4208 Hercynia,
1203 4135 1235 4190 et
1248 4127 1369 4210 aliquot

272 4230 356 4298 suut,
373 4243 443 4305 quae
461 4241 574 4283 nomen
589 4219 723 4283 habent:
750 4218 806 4284 sed
835 4218 889 4284 illa
911 4221 1031 4287 dierum
1055 4225 1220 4310 sexaginta
1234 4226 1294 4291 iter
1315 4251 1369 4292 oc-
1395 4250 1397 4258 ¹

270 4344 396 4407 cupans,
427 4329 463 4385 ut
494 4318 592 4406 major
621 4319 699 4397 aliis,
731 4319 777 4383 ita
806 4326 839 4383 et
868 4321 979 4387 notior.
1034 4323 1194 4390 Montium
1222 4327 1370 4395 altissimi
