3088 5080
264 355 345 425 xciv
540 365 616 423 rnn
639 365 821 421 oenusur
844 365 892 421 oe
916 367 1081 422 necinus.

693 535 790 576 recle.
809 535 886 576 ANN.
905 537 925 575 Ι.

308 627 381 692 LV.
406 627 510 694 Druso
543 628 675 707 Ocesere,
712 627 748 694 O.
779 628 928 694 Norbano
963 628 1148 707 consulibus,
1183 627 1370 694 decernitur

262 729 449 795 Germanico
477 729 663 815 triumphus,
690 737 835 794 monente
861 729 967 805 bello;
999 729 1083 814 quod
1112 751 1302 814 quamquam
1329 731 1368 794 in

262 837 405 896 aestetem
433 851 556 895 summe
585 853 644 916 ope
673 829 816 916 perabat,
842 829 932 894 initio
961 829 1051 905 veris,
1079 839 1112 895 et
1139 829 1303 914 repentino
1328 829 1365 894 in

263 931 375 997 Cattos
400 953 542 1008 excursu,
567 931 734 1016 proecepit:
760 952 834 994 uem
854 953 924 1016 spes
943 930 1111 996 incesserat
1125 929 1274 996 dissidere
1286 930 1365 995 hos-

262 1037 328 1096 tem
350 1030 382 1094 in
398 1029 578 1096 Arminium
599 1053 637 1095 oc
663 1031 834 1116 Segestem,
859 1030 1012 1116 insignem
1035 1039 1201 1114 utrumque
1227 1029 1364 1115 perfidia

260 1131 295 1196 in
316 1151 383 1208 nos,
411 1138 469 1195 ont
490 1129 563 1196 fide.
617 1131 780 1196 Arminius
802 1131 947 1196 turbator
969 1130 1166 1196 Germaniae:
1201 1131 1360 1216 Segestes,

263 1237 284 1268 ‘⁴
296 1231 399 1318 pareri
421 1230 620 1296 rebellionem
630 1231 649 1258 ”
671 1253 753 1316 saepe
774 1230 862 1308 elias,
883 1239 917 1296 et
942 1252 1085 1316 supremo
1111 1230 1262 1310 convivio,
1285 1241 1361 1317 post

261 1332 345 1417 quod
376 1332 408 1397 iu
437 1353 526 1397 erma
555 1331 644 1410 itum,
673 1331 815 1418 aperuit:
841 1332 999 1416 suasitque
1026 1329 1123 1407 Varo,
1154 1336 1222 1396 “ut
1251 1353 1294 1411 se,
1325 1341 1360 1396 et

261 1432 454 1508 Arminium,
491 1439 525 1496 et
561 1440 679 1497 ceteros
716 1453 858 1517 proceres
894 1431 1046 1497 vinciret:
1089 1431 1168 1497 nihil
1211 1453 1359 1497 ausuram

259 1533 393 1619 plebem,
420 1531 611 1618 priucipibus
647 1532 782 1604 emotis:
816 1539 910 1617 etque
947 1532 1006 1618 ipsi
1039 1539 1163 1618 tempus
1190 1531 1265 1610 fore,
1295 1555 1360 1616 quo

260 1633 399 1712 crimina,
430 1641 463 1697 et
495 1632 638 1698 innoxios
667 1631 874 1698 discerneret:
890 1632 909 1660 '⁹
941 1633 996 1697 sed
1023 1632 1128 1697 Varus
1156 1631 1232 1710 fato,
1260 1640 1294 1697 et
1326 1633 1358 1698 vi

260 1732 397 1798 Arminii
425 1732 548 1797 cecidit.
614 1731 767 1819 Segestes,
795 1754 982 1818 quamquam
1011 1754 1160 1798 consensu
1191 1732 1294 1818 gentis
1323 1732 1359 1798 in

258 1833 374 1899 bellum
397 1840 527 1910 tractus,
551 1832 668 1898 discors
689 1832 845 1911 manebat,
868 1833 970 1898 auctis
994 1833 1140 1918 privatim
1162 1833 1253 1906 odiis,
1271 1833 1358 1916 quod

260 1933 423 2000 Arminius
450 1931 547 1999 filiam
575 1931 650 2020 ejus,
676 1933 729 1998 olii
753 1941 888 2018 pactam,
916 1941 1083 2019 rapuerat:
1107 1955 1202 2018 gener
1227 1933 1357 2012 invisus,

260 2033 377 2099 inimici
398 2035 516 2111 soceri:
544 2056 672 2119 quaeque
694 2033 779 2119 apud
801 2033 969 2100 concordes
991 2033 1115 2098 vincula
1136 2033 1285 2112 caritatis,
1310 2035 1358 2099 in-

260 2134 431 2200 citamenta
447 2136 563 2200 irarum
578 2135 662 2220 apud
679 2133 814 2200 infensos
829 2141 928 2200 erent.

304 2233 397 2299 LVI.
420 2233 523 2320 Igitur
545 2234 750 2300 Germanicus
775 2243 908 2320 quatuor
930 2235 1076 2321 legiones,
1100 2233 1235 2318 quinque
1260 2235 1355 2300 suxi-

259 2335 383 2400 liarium
413 2335 521 2414 millia,
553 2343 586 2401 et
614 2335 835 2401 tumultuarius
864 2342 1006 2400 catervas
1042 2334 1269 2399 Germanorum
1309 2337 1356 2401 cie

260 2433 407 2502 Rhenum
441 2435 618 2515 colentium,
650 2434 781 2502 Oaecinae
810 2435 927 2501 tradit:
964 2434 1097 2500 totidem
1122 2433 1267 2519 legiones,
1295 2435 1358 2500 du-

257 2535 370 2623 plicem
385 2538 539 2603 sociorum
553 2557 717 2602 numerum
732 2535 797 2620 ipse
812 2535 919 2616 ducit3
943 2535 1104 2620 positoque
1119 2534 1247 2600 castello
1262 2558 1357 2621 super

256 2637 389 2724 vestigia
402 2637 524 2724 paterni
538 2635 672 2722 presidii
684 2636 717 2700 iu
729 2643 835 2700 monte
851 2636 972 2711 Tauno,
984 2635 1167 2721 expeditum
1181 2635 1355 2701 exercitum

256 2738 288 2802 iu
307 2737 418 2803 Gettos
434 2737 539 2823 repit:
566 2735 603 2800 L.
621 2735 762 2820 Apronio
778 2736 819 2800 ud
841 2736 1029 2801 munitiones
1050 2736 1171 2800 viarum
1194 2743 1226 2800 et
1250 2733 1356 2801 flumi-

257 2860 332 2902 num
357 2837 475 2904 relieto.
528 2835 621 2912 Nam,
648 2857 754 2900 rerum
782 2835 826 2901 illi
856 2837 941 2916 coelo,
966 2836 1117 2914 siccitate,
1146 2844 1179 2900 et
1210 2837 1355 2903 amnibus

257 2936 388 3002 modicis
413 2935 597 3003 inoffensum
614 2937 674 3002 iter
688 2945 927 3022 properaverat:
952 2937 1125 3020 imbresque
1140 2943 1173 3001 et
1190 2933 1354 3002 fluminum

256 3044 368 3102 auctus
393 3037 579 3123 regredienti
601 3037 809 3102 metuebatur.
856 3037 919 3102 Sed
941 3037 1044 3103 Cattis
1065 3037 1145 3101 odeo
1166 3036 1353 3123 improvisus

256 3136 397 3213 advenit,
412 3145 448 3202 ut
473 3137 557 3223 quod
581 3137 771 3202 imbecillum
795 3144 890 3201 {etate
913 3160 950 3202 ec
973 3159 1060 3214 sexu,
1076 3137 1184 3202 stetim
1212 3144 1351 3222 captum,

256 3245 314 3302 aut
336 3238 528 3303 trucidatum
553 3238 606 3304 sit.
649 3236 673 3300 J
676 3244 810 3302 uveutns
834 3235 948 3302 flumen
972 3237 1135 3302 Adranam
1161 3238 1265 3302 nando
1287 3246 1352 3303 tra·

257 3338 395 3418 miserat,
411 3338 628 3423 Romanosque
654 3346 782 3423 pontem
805 3345 975 3423 coeptentes
999 3337 1168 3402 arcebunt:
1193 3337 1264 3402 dein
1288 3344 1351 3403 tor-

256 3439 371 3504 mentis
395 3439 578 3524 sagittisque
601 3437 692 3524 pnlsi,
710 3437 841 3502 tentatis
865 3437 982 3504 frustra
1004 3437 1231 3503 conditionibus
1256 3439 1351 3524 pacis,

256 3561 329 3604 cum
354 3539 481 3624 qnidam
508 3540 550 3604 ed
582 3537 804 3603 Germanicum
833 3538 1048 3625 perfugissent,
1079 3538 1198 3622 reliqui,
1230 3538 1351 3605 omissis

257 3639 345 3726 pagis
362 3639 507 3725 vicisque,
522 3641 555 3704 iu
573 3639 666 3705 silvas
683 3639 912 3724 disperguntur.
957 3638 1061 3704 Ooesar
1083 3638 1207 3704 incenso
1231 3639 1350 3704 Mattio

259 3740 307 3823 (id
332 3741 419 3825 genti
443 3741 552 3826 caput)
582 3747 692 3826 aperto
715 3738 891 3825 populatus,
909 3739 1004 3805 vertit
1028 3738 1070 3802 ad
1096 3738 1262 3803 Rhenum:
1286 3761 1350 3804 non

255 3861 332 3905 suso
348 3841 438 3907 hoste
452 3848 542 3926 terge
555 3839 735 3905 abeuntium
752 3840 911 3916 lacessere,
929 3839 1014 3924 quod
1028 3838 1071 3903 illi
1087 3838 1191 3918 moris,
1207 3838 1350 3923 quotiens

254 3947 326 4005 astu
353 3941 462 4028 magis,
489 3963 581 4025 quem
611 3963 666 4025 per
690 3939 887 4005 formidinem
916 3940 1017 4005 cessit.
1074 3938 1192 4005 Fuerat
1226 3939 1349 4005 culmus

255 4038 419 4107 Cheruscis
426 4039 538 4128 juvere
554 4040 673 4118 Cattos,
690 4040 744 4104 red
759 4041 911 4106 extermit
925 4039 1049 4107 Oaeclno
1070 4041 1131 4104 huc
1153 4040 1226 4105 illuc
1248 4039 1349 4106 ferens

253 4161 364 4216 armo:
388 4150 421 4206 et
437 4142 561 4208 Marsos
578 4140 724 4228 congredi
741 4163 842 4219 ausos,
859 4163 1004 4227 prospero
1019 4139 1125 4226 proelio
1140 4140 1291 4206 cohibuit.

300 4239 411 4305 LVII.
436 4241 545 4326 Neque
561 4242 662 4308 multo
681 4249 753 4326 post
768 4241 864 4327 legati
886 4264 907 4306 a
928 4241 1057 4327 Segeste
1080 4249 1243 4320 venerunt,
1258 4241 1348 4306 auxi-

253 4341 330 4407 lium
358 4350 483 4408 orantes
505 4344 654 4409 adversis
679 4340 744 4407 vim
769 4341 975 4427 popularium,
1002 4363 1022 4406 a
1047 4341 1116 4424 quis
1143 4341 1348 4407 circumsede-
