3144 5080
261 351 309 398 xx
536 346 611 400 'l'llll
634 345 814 400 GERMANY
842 345 890 400 OF
914 347 1080 402 'l'ACI'l'US-

263 507 584 574 locorum.”-Helm.
599 507 640 570 iv.
675 509 728 573 36.
774 506 855 570 “De
880 507 1023 572 omuibus
1050 529 1171 592 quoque
1193 507 1359 594 provinciis

265 607 429 673 Slavorum
457 608 519 672 illic
543 630 689 692 responsa
707 615 856 692 petuntur
877 616 909 672 et
930 607 1149 673 sacrificiorum
1171 608 1359 672 exhibentur

265 730 376 772 annuae
408 708 657 774 solutiones—e.
675 711 705 773 6.
751 706 895 771 “Etiam
921 717 1027 773 nostra
1049 707 1152 773 adhue
1179 716 1273 773 atate
1296 730 1359 772 non

266 809 366 874 solum
380 809 575 894 Wagireusis
589 815 682 885 terre,
699 807 753 872 sed
767 816 799 872 et
810 831 917 872 omnes
929 807 1091 873 Slarorum
1104 809 1268 894 provincia
1285 807 1358 872 illuc

267 909 388 973 tributa
415 910 574 974 aunuatim
607 909 872 982 transmittebant,
903 909 990 972 illum
1021 910 1223 991 (Znantevit)
1254 909 1357 972 Deum

271 1008 408 1074 Deorum
424 1033 489 1074 esse
507 1007 811 1094 profitentes.''—Id.
828 1008 861 1072 ii.
875 1012 928 1072 42.

314 1109 378 1174 For
395 1112 447 1174 the
464 1109 572 1174 Slaves
586 1109 623 1173 of
642 1109 696 1173 the
712 1109 871 1173 continent
886 1110 940 1173 the
959 1109 1117 1195 following
1134 1115 1273 1175 extraots
1288 1110 1359 1193 give

269 1233 306 1276 us
321 1212 375 1275 the
393 1217 562 1296 occupante
584 1209 621 1273 of
637 1210 691 1274 the
713 1209 824 1273 Lower
846 1208 1155 1284 Oder,-“Oddora
1176 1232 1306 1294 vergens
1328 1211 1360 1272 in

269 1312 393 1375 boream
412 1334 466 1396 per
482 1309 599 1374 medios
611 1310 812 1374 Winulorum
827 1311 939 1374 transit
955 1310 1264 1396 populos.''-Adam
1283 1309 1362 1374 Bre-

268 1434 363 1475 mene.
390 1410 476 1476 Hist.
504 1411 589 1474 Ecol.
617 1433 644 1475 c.
670 1413 721 1475 66.
771 1409 901 1474 “Ultra
917 1410 1072 1489 Leuticos,
1094 1411 1147 1495 qui
1161 1411 1221 1474 alio
1239 1411 1362 1474 nomine

271 1511 368 1575 Wilzi
383 1512 537 1593 dicuntur,
552 1510 681 1574 Oddora
694 1508 806 1574 flumen
820 1510 1110 1575 occurrit.''-Ibid.
1149 1511 1254 1576 “Cum
1268 1511 1358 1574 multi

267 1621 340 1676 sunt
378 1612 578 1675 Winulorum
614 1610 719 1694 populi
747 1610 930 1674 fortitudine
962 1611 1106 1690 celebres,
1138 1612 1195 1676 soli
1224 1621 1359 1697 quatuor

268 1719 352 1788 sunt,
375 1713 426 1796 qui
445 1711 563 1775 abillis
585 1711 690 1786 Wiizi,
711 1733 730 1774 a
750 1711 838 1775 nobis
857 1733 930 1774 vero
950 1711 1082 1775 Lenticii
1103 1712 1257 1788 dicuntur,
1277 1713 1359 1776 inter

266 1835 345 1894 quos
360 1812 400 1875 de
415 1811 578 1875 nobilitate
604 1811 803 1894 potentiaque
825 1811 1033 1876 contenditur.
1087 1811 1133 1876 Hi
1155 1821 1228 1877 suut
1242 1812 1358 1877 scilieet

271 1912 411 1975 Otizzioi
443 1920 474 1975 et
507 1911 680 1996 Oiroiponi,
708 1911 762 1994 qui
793 1911 938 1975 habitant
969 1911 1048 1976 citra
1077 1911 1191 1976 Panim
1219 1911 1357 1988 fluvium,

269 2011 474 2077 Thosolantes
485 2020 517 2074 et
529 2011 669 2088 Rheteri,
681 2011 732 2094 qui
744 2011 826 2076 ultra
836 2011 948 2076 Panirn
961 2011 1236 2097 degunt.”-Ibid.
1249 2036 1276 2076 e.
1287 2017 1357 2077 140.

313 2110 350 2174 In
375 2113 428 2176 the
453 2111 613 2195 following
634 2118 757 2176 extract
780 2111 859 2176 from
893 2111 1095 2190 Helmoldna·
1113 2113 1204 2177 mark
1227 2113 1280 2176 the
1309 2135 1359 2177 eu-

269 2211 417 2296 perlative
434 2211 813 2298 antiquissimam-“De
834 2212 1017 2277 fortitudine
1039 2221 1070 2277 et
1094 2213 1233 2298 potentia
1255 2213 1360 2278 valida

268 2321 337 2376 orta
359 2322 407 2377 est
429 2314 598 2377 contentio.
645 2311 805 2396 Siquidem
827 2312 969 2377 Riodori
986 2313 1052 2377 sive
1074 2314 1216 2378 Ttohasi
1231 2321 1358 2400 propter

268 2413 515 2498 antiquissimam
536 2414 645 2478 urbem
675 2422 707 2476 et
734 2413 966 2476 celeberrimum
991 2412 1068 2476 illud
1094 2413 1213 2488 fanum,
1237 2415 1268 2478 in
1297 2438 1357 2498 quo

267 2514 466 2578 simulacrum
499 2513 653 2598 Radigast
681 2511 864 2588 ostenditur,
897 2534 1025 2596 regnare
1055 2514 1212 2591 volebant,
1244 2514 1359 2579 adseri-

268 2614 377 2678 bentes
392 2615 451 2678 sibi
462 2614 649 2699 singularem
662 2611 832 2676 nobilitatis
847 2612 1004 2686 honorem,
1019 2635 1055 2676 eo
1069 2613 1150 2698 quod
1164 2615 1204 2678 ab
1217 2615 1360 2680 omnibus

268 2714 389 2799 populis
408 2713 571 2778 Slavorum
586 2713 865 2797 frequentarentur,
887 2720 1012 2797 propter
1034 2736 1180 2798 responsa
1194 2723 1226 2778 et
1240 2737 1360 2779 annuas

268 2812 489 2878 sacrificiorum
513 2811 728 2897 impensiones.
795 2811 893 2876 Porro
928 2814 1091 2900 Oiroipawi
1121 2824 1216 2900 atque
1239 2816 1360 2899 Kyoioi

267 2913 382 2977 servire
408 2911 637 2987 detrectabant,
665 2912 728 2976 imo
756 2910 932 2977 libertatem
958 2936 1046 2978 suam
1073 2915 1167 2980 armis
1196 2916 1361 2980 defendere

270 3011 630 3079 statuerunt.'’—-Helm.
647 3013 688 3079 iv.
709 3016 764 3076 21.

322 3111 414 3177 More
445 3113 651 3199 satisfactory,
684 3112 838 3190 however,
871 3113 948 3178 than
982 3115 1036 3177 the
1067 3115 1294 3180 accumulation
1330 3116 1367 3181 of

271 3212 403 3278 isolated
415 3235 559 3299 passages
571 3213 596 3276 is
609 3215 662 3276 the
678 3213 835 3297 following
846 3213 969 3297 general
981 3213 1135 3290 view,-“
1143 3215 1255 3301 Populi
1267 3217 1362 3301 igitur

273 3312 437 3378 Slavorum
461 3321 534 3379 sunt
561 3312 662 3390 multi,
692 3335 822 3397 qnorum
848 3313 940 3397 primi
971 3314 1011 3378 ab
1039 3315 1198 3380 occidente
1228 3315 1362 3380 confines

275 3412 506 3479 Transalbianis
521 3421 593 3478 sunt
615 3414 739 3500 Woipri
760 3413 817 3499 (al.
849 3413 972 3500 Vogri),
994 3437 1100 3478 eorum
1115 3416 1225 3482 civitas
1240 3416 1362 3480 Alden-

274 3514 354 3601 burg
368 3515 535 3579 maritima.
581 3513 703 3578 Deinde
714 3521 884 3597 sequuntur
899 3513 1048 3592 obodriti,
1063 3515 1115 3599 qui
1128 3516 1226 3580 altero
1237 3517 1361 3581 nomine

273 3617 384 3701 Itereyi
398 3625 558 3693 vocantur,
580 3624 612 3678 et
635 3614 745 3680 civitas
765 3636 870 3678 eorum
896 3615 1102 3700 Magnopolis,
1157 3615 1239 3680 Item
1257 3639 1364 3682 versus

273 3737 330 3780 nos
353 3715 530 3803 Poladiogi,
549 3738 680 3800 qnorum
704 3714 814 3779 civitas
833 3713 1016 3800 Recisburg.
1069 3714 1164 3782 Ultra
1184 3739 1264 3802 quos
1283 3719 1362 3781 Lia-

271 3839 360 3902 gones
379 3816 545 3903 [Liuones]
563 3823 683 3882 suntet
704 3815 868 3879 Worwohi.
916 3815 996 3879 Mox
1013 3815 1157 3881 habitant
1175 3819 1315 3883 Odissiai
1330 3827 1362 3882 et

275 3918 447 4003 Oiroipnai,
481 3939 557 4001 quos
585 3939 605 3979 a
637 3914 865 3980 Tholosawtidas
890 3921 922 3979 et
949 3916 1094 3981 Bettorio
1123 3914 1235 3983 fluvius
1266 3917 1363 3983 Panis

271 4025 405 4103 separat,
422 4026 454 4080 et
471 4017 579 4082 civitas
593 4015 728 4080 Dimine.
775 4014 824 4079 Ibi
838 4023 885 4080 est
900 4016 1051 4081 terminus
1066 4017 1364 4102 Hammaburgensis

273 4118 437 4204 perochiae.
488 4116 569 4180 Sunt
595 4124 628 4180 et
649 4115 701 4182 alii
725 4115 888 4181 Slavorurn
911 4116 1026 4202 populi,
1049 4118 1101 4201 qui
1128 4118 1210 4182 inter
1233 4118 1362 4183 Albium

271 4228 303 4284 et
328 4217 486 4282 Odderam
509 4216 639 4303 degunt,
660 4217 740 4282 siout
761 4217 901 4294 Hausisti,
920 4219 972 4300 qui
986 4215 1083 4302 juxta
1101 4217 1259 4283 Haliolam
1277 4217 1362 4304 [Ha-

269 4317 388 4404 bolam]
417 4315 554 4392 fluvium,
578 4325 610 4382 et
640 4318 774 4392 Doaoui,
804 4316 965 4394 Liwduzzi,
1003 4318 1116 4382 Wiiini
1138 4327 1169 4383 et
1197 4319 1363 4384 Stoderoui
