3088 5080
306 438 362 506 civ
576 451 653 506 rus
676 449 858 505 ananan:
884 449 932 506 or
960 449 1128 506 rrorrus

305 614 434 679 fratrem
446 636 455 675 t
478 612 531 676 illo
542 614 654 688 locum,
666 619 697 676 et
707 610 846 696 proelium
858 609 1024 685 referente,
1038 617 1058 646 “
1070 610 1227 694 quodnam
1240 611 1408 695 praemium

308 711 503 799 recepisset”
526 712 671 796 exquirit.
718 710 848 776 Flavius
872 718 994 776 “ancta
1015 711 1181 797 stipendia,
1198 719 1353 795 torquem,
1374 721 1410 776 et

311 836 467 892 coronam,
482 812 603 896 aliaque
619 811 768 878 militaria
782 810 892 875 dona''
907 821 1070 887 memorat,
1088 810 1243 876 inridente
1259 810 1409 876 Arminio

312 915 387 981 vilia
402 912 518 978 servitii
535 913 645 999 pretia.

356 1015 403 1079 X.
426 1013 511 1077 Exin
545 1013 658 1079 diversi
695 1012 877 1077 ordiuntur:
905 1013 956 1076 hic
984 1013 1264 1098 “magnitudinem
1288 1012 1410 1078 Roma

312 1137 398 1190 uam,
425 1137 498 1200 opes
526 1113 664 1190 (lassaris,
694 1122 726 1178 et
750 1112 842 1177 victis
863 1135 974 1198 graves
1001 1135 1126 1198 poenas:
1155 1113 1187 1176 in
1215 1113 1408 1179 deditionem

314 1214 450 1280 venienti
466 1223 608 1300 paratam
624 1214 840 1286 elementiam:
869 1235 968 1297 neque
984 1211 1146 1299 conjugem
1161 1223 1193 1278 et
1220 1211 1316 1278 filium
1341 1213 1411 1300 ejus

313 1316 469 1380 hostiliter
481 1313 622 1380 haberi.''
675 1313 733 1378 llle
750 1321 769 1349 “
782 1313 828 1378 las
843 1313 961 1398 patria,
977 1313 1155 1378 libertatem
1172 1315 1300 1391 avitam,
1318 1338 1414 1398 pene-

315 1417 409 1482 trales
435 1416 609 1480 Germania
635 1415 719 1490 deos,
745 1420 877 1478 matrem
906 1435 1032 1498 precum
1055 1415 1192 1488 sociam:
1218 1437 1256 1480 ne
1285 1417 1412 1501 propin-

315 1539 445 1601 quorum
461 1523 493 1580 et
508 1514 668 1592 adfinium,
686 1515 817 1599 deniqne
834 1514 937 1598 gentis
958 1536 1021 1578 suae
1043 1514 1182 1579 desertor
1202 1523 1235 1579 et
1260 1515 1411 1601 proditor,

315 1641 409 1703 quam
426 1617 595 1702 imperator
619 1637 684 1680 esse
705 1613 844 1679 mallet.''
889 1613 1059 1679 Paullatim
1080 1615 1153 1679 inde
1169 1615 1211 1680 ad
1220 1613 1327 1700 jurgia
1341 1639 1413 1701 prc-

316 1719 405 1802 lapsi,
422 1717 585 1801 quominus
600 1737 735 1801 pugnam
751 1722 956 1786 consererent,
973 1737 1012 1779 ne
1027 1713 1153 1780 flumine
1168 1717 1293 1800 quidem
1315 1717 1413 1781 inter·
1532 1715 1533 1752 l

310 1816 398 1902 jecto
434 1817 677 1889 cohibebantur:
719 1836 757 1879 ne
789 1814 956 1880 Stertinius
986 1817 1162 1893 adcurrens,
1192 1817 1317 1901 plenum
1345 1816 1412 1890 irre,

319 1925 496 2001 “armaque
508 1925 540 1980 et
554 1939 666 2000 equum
678 1915 697 1942 ”
712 1923 890 2001 poscentem
903 1915 1047 1980 Flavium
1059 1916 1248 1982 attinuisset.
1299 1916 1415 1981 (lerne-

318 2018 413 2081 batnr
429 2023 538 2080 eontra
555 2015 788 2080 minitabundus
803 2016 974 2093 Arminius,
990 2016 1190 2102 praeliumque
1203 2017 1411 2082 denuntians:

318 2139 392 2180 nam
407 2118 551 2202 pleraque
567 2115 682 2180 Latino
699 2138 839 2180 sermone
853 2114 1077 2201 interjaciehat,
1094 2125 1129 2180 ut
1145 2117 1197 2201 qui
1213 2117 1364 2182 Romanis
1382 2117 1413 2181 in

321 2217 432 2281 castris
449 2216 559 2280 ductor
575 2216 767 2302 popularium
783 2215 955 2282 meruisset.

366 2317 432 2380 XI.
456 2316 587 2382 Postero
631 2317 690 2394 die,
737 2315 962 2381 Germanorum
1000 2316 1082 2382 acies
1126 2325 1214 2382 trans
1250 2317 1415 2403 Visurgim

320 2418 418 2483 stetit.
464 2417 575 2490 Caesar.
603 2417 660 2483 nisi
687 2417 834 2504 pontibus
856 2417 1064 2502 presidiisque
1090 2417 1254 2503 impositis,
1279 2418 1354 2482 dare
1383 2420 1417 2482 in

322 2518 485 2583 discrimen
511 2519 646 2604 legiones
670 2518 756 2583 hand
784 2517 1015 2602 imperatorium
1044 2525 1143 2592 ratus,
1171 2519 1305 2602 equitem
1333 2519 1417 2583 vado

322 2620 493 2685 tramittit:
528 2619 677 2704 praefuere
707 2617 883 2694 Stertinius,
914 2626 946 2683 et
973 2641 990 2681 e
1020 2640 1148 2682 numero
1179 2618 1420 2704 primipilarium

322 2720 485 2794 AEmilius,
519 2718 707 2783 distantibus
743 2717 818 2782 locis
845 2718 971 2797 invecti,
1002 2726 1038 2782 ut
1066 2719 1186 2784 hostem
1220 2718 1419 2784 diducerent.

323 2822 395 2902 Qua
422 2819 598 2883 celerrimus
625 2818 735 2893 amnis,
762 2817 946 2883 Gariovalda
973 2818 1038 2883 dux
1069 2819 1261 2884 Batavorum
1291 2819 1418 2904 erupit:

323 2943 394 2984 eum
410 2917 557 2983 Cherusci
573 2917 678 3002 fugam
694 2917 883 2996 simulantes,
903 2919 934 2983 in
952 2918 1111 3004 planitiem
1136 2920 1266 2984 saltibm
1286 2919 1422 2984 circum-

319 3019 438 3105 jectam
465 3025 608 3082 traxere:
641 3017 712 3082 dein
739 3018 846 3094 coorti,
872 3025 905 3082 et
930 3019 1065 3102 undique
1090 3017 1178 3084 effusi
1204 3020 1336 3084 trudunt
1361 3021 1425 3084 ad·

325 3140 437 3195 versos,
463 3117 581 3182 instant
605 3117 799 3191 cedentibus,
824 3118 1029 3204 collectosque
1057 3119 1089 3183 in
1111 3120 1229 3196 orbem,
1253 3141 1325 3205 pars
1345 3141 1423 3185 con-

323 3219 431 3304 gressi,
448 3217 574 3302 qnidam
589 3218 709 3282 eminus
723 3219 919 3302 proturbant.
964 3219 1159 3296 Oariovalda,
1174 3221 1227 3284 diu
1242 3227 1424 3286 sustentata

325 3319 460 3383 hostium
487 3317 615 3394 sevitia,
638 3318 782 3382 hortatus
805 3341 876 3384 snos
899 3327 935 3384 ut
958 3320 1138 3403 ingruentes
1162 3329 1303 3385 catervas
1324 3320 1424 3406 globo

325 3418 512 3504 frangerent,
528 3426 621 3502 atque
635 3418 701 3503 ipse
717 3417 747 3480 in
765 3418 962 3484 densissimos
976 3421 1163 3506 inrumpens,
1180 3422 1334 3506 congestis
1349 3423 1425 3488 telis

328 3527 360 3584 et
384 3519 512 3584 suffosso
538 3541 617 3602 equo
640 3517 765 3598 labitur,
781 3541 818 3583 ac
842 3520 933 3584 multi
946 3519 1096 3585 nobilium
1113 3522 1215 3586 eirca:
1240 3529 1359 3586 ceteros
1373 3523 1426 3588 vis

326 3641 391 3695 sua,
410 3624 466 3683 aut
488 3619 609 3702 equites
630 3641 701 3684 eum
718 3619 868 3685 Stertinio
886 3620 1081 3706 AEmilioque
1096 3622 1322 3699 subvenientes,
1339 3624 1425 3707 peri-

328 3720 397 3785 culo
413 3743 565 3784 exemere.

372 3819 457 3884 XII.
482 3819 589 3886 Caesar
613 3829 824 3906 transgressus
850 3820 1022 3906 Visurgim,
1045 3821 1160 3905 iudicio
1182 3823 1318 3908 perfuga
1349 3845 1426 3910 cog-

327 3922 438 3998 noscit,
461 3920 649 3985 “delectum
673 3922 713 3986 ab
731 3920 876 3986 Arminio
901 3921 1004 3986 locum
1020 3945 1154 4007 pugnae:
1183 3924 1361 3988 convenisse
1390 3935 1425 3990 et

326 4021 403 4085 alias
418 4021 560 4086 nationes
574 4019 606 4084 in
621 4021 731 4085 silvam
747 4021 879 4086 Herculi
893 4043 1021 4100 sacram,
1036 4044 1224 4107 ausurosque
1238 4031 1427 4090 nocturnam

328 4129 499 4186 castrorum
530 4120 822 4204 oppugnationem.''
867 4121 989 4187 Habita
1018 4122 1112 4188 indici
1141 4121 1229 4198 fides,
1255 4131 1287 4188 et
1316 4147 1427 4190 cerne·
1534 4171 1535 4184 .

327 4222 442 4285 bantur
467 4219 574 4305 ignes:
609 4221 822 4305 suggressique
844 4221 970 4307 propius
987 4223 1194 4308 speculatores
1210 4223 1343 4288 “audiri
1358 4224 1426 4290 fre-
1534 4197 1535 4228 l

326 4323 439 4386 mitum
463 4342 621 4405 equorum,
637 4321 839 4405 immensique
864 4330 896 4386 et
918 4322 1069 4388 inconditi
1090 4323 1224 4408 agminis
1249 4327 1428 4390 murmur”

325 4423 470 4490 attulere.
528 4420 629 4506 Igitur
658 4420 828 4507 propinquo
860 4443 989 4488 summas
1017 4423 1062 4488 rei
1094 4423 1279 4506 discrimine,
1311 4427 1425 4511 explo-
