<?xml version="1.0" encoding="UTF-8"?>
<!DOCTYPE html PUBLIC "-//W3C//DTD XHTML 1.0 Transitional//EN"
    "http://www.w3.org/TR/xhtml1/DTD/xhtml1-transitional.dtd">
<html xmlns="http://www.w3.org/1999/xhtml" xml:lang="en" lang="en">
 <head>
  <title>
</title>
<meta http-equiv="Content-Type" content="text/html;charset=utf-8" />
  <meta name='ocr-system' content='tesseract 3.04.00' />
  <meta name='ocr-capabilities' content='ocr_page ocr_carea ocr_par ocr_line ocrx_word'/>
</head>
<body>
  <div class='ocr_page' id='page_1' title='image "./germaniatacitus01lathgoog_0215.png"; bbox 0 0 3226 5088; ppageno 0'>
   <div class='ocr_carea' id='block_1_1' title="bbox 306 439 1119 512">
    <p class='ocr_par' dir='ltr' id='par_1_1' title="bbox 306 439 1119 512">
     <span class='ocr_line' id='line_1_1' title="bbox 306 439 1119 512; baseline -0.009 -1"><span class='ocrx_word' id='word_1_1' title='bbox 306 439 353 512; x_wconf 82' lang='lat'><strong>72</strong></span> <span class='ocrx_word' id='word_1_2' title='bbox 577 443 653 508; x_wconf 80' lang='lat' dir='ltr'><strong>urm</strong></span> <span class='ocrx_word' id='word_1_3' title='bbox 676 451 857 508; x_wconf 75' lang='lat' dir='ltr'><strong>canuam</strong></span> <span class='ocrx_word' id='word_1_4' title='bbox 879 453 928 508; x_wconf 85' lang='lat' dir='ltr'><strong>or</strong></span> <span class='ocrx_word' id='word_1_5' title='bbox 952 451 1119 508; x_wconf 84' lang='lat' dir='ltr'><strong>monus.</strong></span> 
     </span>
    </p>
   </div>
   <div class='ocr_carea' id='block_1_2' title="bbox 671 671 1035 714">
    <p class='ocr_par' dir='ltr' id='par_1_2' title="bbox 671 671 1035 714">
     <span class='ocr_line' id='line_1_2' title="bbox 671 671 1035 714; baseline -0.005 0"><span class='ocrx_word' id='word_1_6' title='bbox 671 672 744 714; x_wconf 74' lang='lat' dir='ltr'>NOTB&#39;</span> <span class='ocrx_word' id='word_1_7' title='bbox 764 671 802 712; x_wconf 76' lang='grc' dir='ltr'><strong>ΟΝ</strong></span> <span class='ocrx_word' id='word_1_8' title='bbox 824 672 938 714; x_wconf 70' lang='lat' dir='ltr'><strong>asemon</strong></span> <span class='ocrx_word' id='word_1_9' title='bbox 960 673 1035 714; x_wconf 69' lang='lat'>¹111.</span> 
     </span>
    </p>
   </div>
   <div class='ocr_carea' id='block_1_3' title="bbox 307 805 1397 984">
    <p class='ocr_par' dir='ltr' id='par_1_3' title="bbox 307 805 1397 984">
     <span class='ocr_line' id='line_1_3' title="bbox 347 805 1397 888; baseline -0.006 -20"><span class='ocrx_word' id='word_1_10' title='bbox 347 815 357 850; x_wconf 91' lang='lat'><strong>¹</strong></span> <span class='ocrx_word' id='word_1_11' title='bbox 379 805 657 888; x_wconf 74' lang='lat' dir='ltr'><strong>Lamntur.]-l&#39;ba</strong></span> <span class='ocrx_word' id='word_1_12' title='bbox 671 827 719 866; x_wconf 89' lang='lat' dir='ltr'><strong>usc</strong></span> <span class='ocrx_word' id='word_1_13' title='bbox 732 809 764 866; x_wconf 86' lang='lat' dir='ltr'><strong>of</strong></span> <span class='ocrx_word' id='word_1_14' title='bbox 781 806 914 868; x_wconf 86' lang='lat' dir='ltr'><strong>thebath</strong></span> <span class='ocrx_word' id='word_1_15' title='bbox 929 809 953 868; x_wconf 84' lang='lat' dir='ltr'><strong>is</strong></span> <span class='ocrx_word' id='word_1_16' title='bbox 967 807 1129 886; x_wconf 76' lang='lat' dir='ltr'><strong>recognisad</strong></span> <span class='ocrx_word' id='word_1_17' title='bbox 1151 805 1327 886; x_wconf 75' lang='lat' dir='ltr'>throughout</span> <span class='ocrx_word' id='word_1_18' title='bbox 1348 805 1397 864; x_wconf 89' lang='lat' dir='ltr'><strong>tbe</strong></span> 
     </span>
     <span class='ocr_line' id='line_1_4' title="bbox 307 905 575 984; baseline -0.007 -18"><span class='ocrx_word' id='word_1_19' title='bbox 307 907 361 966; x_wconf 90' lang='lat' dir='ltr'><strong>Old</strong></span> <span class='ocrx_word' id='word_1_20' title='bbox 378 905 466 965; x_wconf 86' lang='lat' dir='ltr'><strong>Norsc</strong></span> <span class='ocrx_word' id='word_1_21' title='bbox 482 905 575 984; x_wconf 75' lang='lat' dir='ltr'><strong>Sages.</strong></span> 
     </span>
    </p>
   </div>
   <div class='ocr_carea' id='block_1_4' title="bbox 745 1127 958 1141">
    <p class='ocr_par' dir='ltr' id='par_1_4' title="bbox 745 1127 958 1141">
     <span class='ocr_line' id='line_1_5' title="bbox 745 1127 958 1141; baseline -0.014 0"><span class='ocrx_word' id='word_1_22' title='bbox 745 1127 958 1141; x_wconf 68' lang='lat'><strong>———·</strong></span> 
     </span>
    </p>
   </div>
   <div class='ocr_carea' id='block_1_5' title="bbox 307 1347 1396 2260">
    <p class='ocr_par' dir='ltr' id='par_1_5' title="bbox 307 1347 1396 2260">
     <span class='ocr_line' id='line_1_6' title="bbox 357 1347 1396 1428; baseline -0.008 -6"><span class='ocrx_word' id='word_1_23' title='bbox 357 1348 510 1422; x_wconf 90' lang='lat' dir='ltr'>XXIII.</span> <span class='ocrx_word' id='word_1_24' title='bbox 537 1350 645 1422; x_wconf 88' lang='lat' dir='ltr'><strong>Potui</strong></span> <span class='ocrx_word' id='word_1_25' title='bbox 672 1350 800 1421; x_wconf 90' lang='lat' dir='ltr'><strong>humor</strong></span> <span class='ocrx_word' id='word_1_26' title='bbox 827 1372 874 1420; x_wconf 90' lang='lat' dir='ltr'><strong>ex</strong></span> <span class='ocrx_word' id='word_1_27' title='bbox 896 1349 1029 1420; x_wconf 87' lang='lat' dir='ltr'><strong>hordeo</strong></span> <span class='ocrx_word' id='word_1_28' title='bbox 1054 1355 1117 1420; x_wconf 91' lang='lat' dir='ltr'><strong>aut</strong></span> <span class='ocrx_word' id='word_1_29' title='bbox 1143 1349 1330 1428; x_wconf 83' lang='lat' dir='ltr'><strong>frumento,</strong></span> <span class='ocrx_word' id='word_1_30' title='bbox 1358 1347 1396 1414; x_wconf 93' lang='lat' dir='ltr'><strong>in</strong></span> 
     </span>
     <span class='ocr_line' id='line_1_7' title="bbox 307 1463 1396 1561; baseline -0.008 -21"><span class='ocrx_word' id='word_1_31' title='bbox 307 1468 497 1561; x_wconf 87' lang='lat' dir='ltr'><strong>quamdam</strong></span> <span class='ocrx_word' id='word_1_32' title='bbox 511 1466 781 1539; x_wconf 87' lang='lat' dir='ltr'><strong>similitudinem</strong></span> <span class='ocrx_word' id='word_1_33' title='bbox 800 1467 871 1537; x_wconf 88' lang='lat' dir='ltr'><strong>vini</strong></span> <span class='ocrx_word' id='word_1_34' title='bbox 886 1469 1093 1560; x_wconf 87' lang='lat' dir='ltr'><strong>corruptus.¹</strong></span> <span class='ocrx_word' id='word_1_35' title='bbox 1139 1463 1296 1535; x_wconf 85' lang='lat' dir='ltr'><strong>Proximi</strong></span> <span class='ocrx_word' id='word_1_36' title='bbox 1312 1463 1396 1554; x_wconf 83' lang='lat' dir='ltr'><strong>ripae</strong></span> 
     </span>
     <span class='ocr_line' id='line_1_8' title="bbox 307 1581 1396 1676; baseline -0.007 -21"><span class='ocrx_word' id='word_1_37' title='bbox 307 1593 346 1656; x_wconf 89' lang='lat' dir='ltr'><strong>et</strong></span> <span class='ocrx_word' id='word_1_38' title='bbox 371 1585 494 1655; x_wconf 86' lang='lat' dir='ltr'><strong>viuum</strong></span> <span class='ocrx_word' id='word_1_39' title='bbox 519 1591 730 1655; x_wconf 88' lang='lat' dir='ltr'><strong>mercantur.</strong></span> <span class='ocrx_word' id='word_1_40' title='bbox 782 1583 864 1655; x_wconf 86' lang='lat' dir='ltr'><strong>cibi</strong></span> <span class='ocrx_word' id='word_1_41' title='bbox 881 1583 1080 1676; x_wconf 80' lang='lat' dir='ltr'>simplices:</span> <span class='ocrx_word' id='word_1_42' title='bbox 1108 1581 1261 1674; x_wconf 86' lang='lat' dir='ltr'><strong>agrestia</strong></span> <span class='ocrx_word' id='word_1_43' title='bbox 1282 1601 1396 1672; x_wconf 91' lang='lat' dir='ltr'><strong>poma,</strong></span> 
     </span>
     <span class='ocr_line' id='line_1_9' title="bbox 307 1697 1396 1790; baseline -0.007 -18"><span class='ocrx_word' id='word_1_44' title='bbox 307 1723 430 1772; x_wconf 90' lang='lat' dir='ltr'><strong>recens</strong></span> <span class='ocrx_word' id='word_1_45' title='bbox 453 1701 537 1784; x_wconf 87' lang='lat' dir='ltr'><strong>fera,</strong></span> <span class='ocrx_word' id='word_1_46' title='bbox 565 1709 629 1771; x_wconf 89' lang='lat' dir='ltr'><strong>aut</strong></span> <span class='ocrx_word' id='word_1_47' title='bbox 654 1699 710 1770; x_wconf 87' lang='lat' dir='ltr'><strong>lac</strong></span> <span class='ocrx_word' id='word_1_48' title='bbox 739 1709 956 1771; x_wconf 88' lang='lat' dir='ltr'><strong>concretum.</strong></span> <span class='ocrx_word' id='word_1_49' title='bbox 1009 1697 1095 1769; x_wconf 86' lang='lat' dir='ltr'><strong>Sine</strong></span> <span class='ocrx_word' id='word_1_50' title='bbox 1118 1705 1298 1790; x_wconf 87' lang='lat' dir='ltr'><strong>apparatu,</strong></span> <span class='ocrx_word' id='word_1_51' title='bbox 1321 1697 1396 1788; x_wconf 86' lang='lat' dir='ltr'><strong>sine</strong></span> 
     </span>
     <span class='ocr_line' id='line_1_10' title="bbox 307 1813 1394 1910; baseline -0.007 -22"><span class='ocrx_word' id='word_1_52' title='bbox 307 1815 561 1888; x_wconf 80' lang='lat' dir='ltr'><strong>blandimentis</strong></span> <span class='ocrx_word' id='word_1_53' title='bbox 591 1815 777 1910; x_wconf 91' lang='lat' dir='ltr'><strong>expellunt</strong></span> <span class='ocrx_word' id='word_1_54' title='bbox 803 1818 943 1888; x_wconf 89' lang='lat' dir='ltr'><strong>famem.</strong></span> <span class='ocrx_word' id='word_1_55' title='bbox 995 1813 1175 1885; x_wconf 73' lang='lat' dir='ltr'><strong>Adversus</strong></span> <span class='ocrx_word' id='word_1_56' title='bbox 1194 1813 1302 1895; x_wconf 92' lang='lat' dir='ltr'><strong>sitim,</strong></span> <span class='ocrx_word' id='word_1_57' title='bbox 1324 1835 1394 1881; x_wconf 91' lang='lat' dir='ltr'><strong>non</strong></span> 
     </span>
     <span class='ocr_line' id='line_1_11' title="bbox 308 1930 1396 2026; baseline -0.004 -23"><span class='ocrx_word' id='word_1_58' title='bbox 308 1934 432 2004; x_wconf 88' lang='lat' dir='ltr'><strong>eadem</strong></span> <span class='ocrx_word' id='word_1_59' title='bbox 468 1935 714 2026; x_wconf 84' lang='lat' dir='ltr'><strong>temperantia.</strong></span> <span class='ocrx_word' id='word_1_60' title='bbox 767 1932 805 2003; x_wconf 90' lang='lat' dir='ltr'><strong>Si</strong></span> <span class='ocrx_word' id='word_1_61' title='bbox 840 1933 1027 2004; x_wconf 88' lang='lat' dir='ltr'><strong>indulseris</strong></span> <span class='ocrx_word' id='word_1_62' title='bbox 1061 1930 1236 2013; x_wconf 84' lang='lat' dir='ltr'><strong>ebrietati,</strong></span> <span class='ocrx_word' id='word_1_63' title='bbox 1270 1950 1396 2022; x_wconf 86' lang='lat' dir='ltr'><strong>sugge-</strong></span> 
     </span>
     <span class='ocr_line' id='line_1_12' title="bbox 308 2045 1395 2144; baseline -0.006 -24"><span class='ocrx_word' id='word_1_64' title='bbox 308 2051 418 2120; x_wconf 88' lang='lat' dir='ltr'><strong>rendo</strong></span> <span class='ocrx_word' id='word_1_65' title='bbox 441 2059 614 2142; x_wconf 89' lang='lat' dir='ltr'><strong>quantum</strong></span> <span class='ocrx_word' id='word_1_66' title='bbox 632 2051 896 2144; x_wconf 89' lang='lat' dir='ltr'><strong>concupiscunt,</strong></span> <span class='ocrx_word' id='word_1_67' title='bbox 913 2049 1008 2120; x_wconf 90' lang='lat' dir='ltr'><strong>baud</strong></span> <span class='ocrx_word' id='word_1_68' title='bbox 1030 2047 1146 2119; x_wconf 73' lang='lat' dir='ltr'><strong>minus</strong></span> <span class='ocrx_word' id='word_1_69' title='bbox 1170 2045 1274 2118; x_wconf 75' lang='lat' dir='ltr'><strong>facile</strong></span> <span class='ocrx_word' id='word_1_70' title='bbox 1291 2045 1395 2126; x_wconf 86' lang='lat' dir='ltr'><strong>vitiis,</strong></span> 
     </span>
     <span class='ocr_line' id='line_1_13' title="bbox 308 2166 751 2260; baseline -0.007 -22"><span class='ocrx_word' id='word_1_71' title='bbox 308 2167 414 2260; x_wconf 72' lang='lat' dir='ltr'><strong>quam</strong></span> <span class='ocrx_word' id='word_1_72' title='bbox 432 2166 537 2238; x_wconf 89' lang='lat' dir='ltr'><strong>armis</strong></span> <span class='ocrx_word' id='word_1_73' title='bbox 554 2168 751 2237; x_wconf 80' lang='lat' dir='ltr'><strong>vincentur.</strong></span> 
     </span>
    </p>
   </div>
   <div class='ocr_carea' id='block_1_6' title="bbox 668 2367 1045 2411">
    <p class='ocr_par' dir='ltr' id='par_1_6' title="bbox 668 2367 1045 2411">
     <span class='ocr_line' id='line_1_14' title="bbox 668 2367 1045 2411; baseline 0.003 -1"><span class='ocrx_word' id='word_1_74' title='bbox 668 2369 741 2411; x_wconf 63' lang='grc' dir='ltr'><strong>ΝΟΜ</strong></span> <span class='ocrx_word' id='word_1_75' title='bbox 761 2368 799 2410; x_wconf 78' lang='lat' dir='ltr'><strong>ou</strong></span> <span class='ocrx_word' id='word_1_76' title='bbox 820 2367 936 2410; x_wconf 74' lang='lat' dir='ltr'><strong>sxo&#39;flort</strong></span> <span class='ocrx_word' id='word_1_77' title='bbox 956 2369 1045 2411; x_wconf 82' lang='lat' dir='ltr'><strong>xxm.</strong></span> 
     </span>
    </p>
   </div>
   <div class='ocr_carea' id='block_1_7' title="bbox 305 2502 1399 2772">
    <p class='ocr_par' dir='ltr' id='par_1_7' title="bbox 305 2502 1399 2772">
     <span class='ocr_line' id='line_1_15' title="bbox 347 2502 1397 2585; baseline -0.001 -22"><span class='ocrx_word' id='word_1_78' title='bbox 347 2510 357 2545; x_wconf 91' lang='lat'><strong>¹</strong></span> <span class='ocrx_word' id='word_1_79' title='bbox 378 2505 494 2564; x_wconf 77' lang='lat' dir='ltr'><strong>Humor</strong></span> <span class='ocrx_word' id='word_1_80' title='bbox 512 2525 545 2564; x_wconf 77' lang='lat' dir='ltr'><strong>cc</strong></span> <span class='ocrx_word' id='word_1_81' title='bbox 564 2505 665 2564; x_wconf 69' lang='lat' dir='ltr'><strong>hordeo</strong></span> <span class='ocrx_word' id='word_1_82' title='bbox 684 2515 735 2565; x_wconf 83' lang='lat' dir='ltr'><strong>cut</strong></span> <span class='ocrx_word' id='word_1_83' title='bbox 748 2502 1219 2585; x_wconf 54' lang='lat' dir='ltr'><strong>francone-comptum-Both</strong></span> <span class='ocrx_word' id='word_1_84' title='bbox 1237 2502 1286 2562; x_wconf 87' lang='lat' dir='ltr'><strong>the</strong></span> <span class='ocrx_word' id='word_1_85' title='bbox 1307 2503 1397 2562; x_wconf 81' lang='lat' dir='ltr'><strong>words</strong></span> 
     </span>
     <span class='ocr_line' id='line_1_16' title="bbox 306 2600 1399 2680; baseline -0.004 -18"><span class='ocrx_word' id='word_1_86' title='bbox 306 2601 351 2662; x_wconf 68' lang='lat' dir='ltr'><strong>ab</strong></span> <span class='ocrx_word' id='word_1_87' title='bbox 363 2603 421 2662; x_wconf 85' lang='lat' dir='ltr'><strong>and</strong></span> <span class='ocrx_word' id='word_1_88' title='bbox 434 2604 494 2662; x_wconf 81' lang='lat' dir='ltr'><strong>brer</strong></span> <span class='ocrx_word' id='word_1_89' title='bbox 507 2623 555 2662; x_wconf 89' lang='lat' dir='ltr'><strong>are</strong></span> <span class='ocrx_word' id='word_1_90' title='bbox 565 2604 598 2662; x_wconf 87' lang='lat' dir='ltr'><strong>oi</strong></span> <span class='ocrx_word' id='word_1_91' title='bbox 614 2603 768 2662; x_wconf 83' lang='lat' dir='ltr'><strong>Germanic</strong></span> <span class='ocrx_word' id='word_1_92' title='bbox 781 2602 882 2680; x_wconf 85' lang='lat' dir='ltr'><strong>origin.</strong></span> <span class='ocrx_word' id='word_1_93' title='bbox 925 2602 987 2662; x_wconf 83' lang='lat' dir='ltr'><strong>&#39;Ibe</strong></span> <span class='ocrx_word' id='word_1_94' title='bbox 1001 2601 1096 2662; x_wconf 87' lang='lat' dir='ltr'><strong>Keltic</strong></span> <span class='ocrx_word' id='word_1_95' title='bbox 1110 2609 1191 2674; x_wconf 90' lang='lat' dir='ltr'><strong>term,</strong></span> <span class='ocrx_word' id='word_1_96' title='bbox 1204 2621 1241 2660; x_wconf 91' lang='lat' dir='ltr'><strong>on</strong></span> <span class='ocrx_word' id='word_1_97' title='bbox 1255 2601 1304 2661; x_wconf 85' lang='lat' dir='ltr'><strong>the</strong></span> <span class='ocrx_word' id='word_1_98' title='bbox 1317 2600 1399 2659; x_wconf 86' lang='lat' dir='ltr'><strong>other</strong></span> 
     </span>
     <span class='ocr_line' id='line_1_17' title="bbox 305 2697 973 2772; baseline 0.001 -14"><span class='ocrx_word' id='word_1_99' title='bbox 305 2697 392 2772; x_wconf 91' lang='lat' dir='ltr'><strong>hand,</strong></span> <span class='ocrx_word' id='word_1_100' title='bbox 406 2698 431 2760; x_wconf 92' lang='lat' dir='ltr'><strong>is</strong></span> <span class='ocrx_word' id='word_1_101' title='bbox 444 2700 715 2772; x_wconf 55' lang='lat' dir='ltr'><strong>maerentia,</strong></span> <span class='ocrx_word' id='word_1_102' title='bbox 728 2700 801 2758; x_wconf 83' lang='lat' dir='ltr'><strong>from</strong></span> <span class='ocrx_word' id='word_1_103' title='bbox 815 2697 864 2758; x_wconf 87' lang='lat' dir='ltr'><strong>the</strong></span> <span class='ocrx_word' id='word_1_104' title='bbox 878 2697 973 2759; x_wconf 86' lang='lat' dir='ltr'><strong>Latin.</strong></span> 
     </span>
    </p>
   </div>
   <div class='ocr_carea' id='block_1_8' title="bbox 745 2983 958 2994">
    <p class='ocr_par' dir='ltr' id='par_1_8' title="bbox 745 2983 958 2994">
     <span class='ocr_line' id='line_1_18' title="bbox 745 2983 958 2994; baseline 0.014 -3"><span class='ocrx_word' id='word_1_105' title='bbox 745 2983 958 2994; x_wconf 73' lang='grc' dir='ltr'><strong>-ι</strong></span> 
     </span>
    </p>
   </div>
   <div class='ocr_carea' id='block_1_9' title="bbox 306 3232 1400 4499">
    <p class='ocr_par' dir='ltr' id='par_1_9' title="bbox 306 3232 1400 4499">
     <span class='ocr_line' id='line_1_19' title="bbox 356 3232 1396 3330; baseline 0.001 -25"><span class='ocrx_word' id='word_1_106' title='bbox 356 3232 507 3308; x_wconf 92' lang='lat' dir='ltr'>XXIV.</span> <span class='ocrx_word' id='word_1_107' title='bbox 536 3235 659 3306; x_wconf 89' lang='lat' dir='ltr'><strong>Genus</strong></span> <span class='ocrx_word' id='word_1_108' title='bbox 680 3233 962 3328; x_wconf 82' lang='lat' dir='ltr'><strong>spectaculorum</strong></span> <span class='ocrx_word' id='word_1_109' title='bbox 980 3258 1102 3320; x_wconf 90' lang='lat' dir='ltr'><strong>unum,</strong></span> <span class='ocrx_word' id='word_1_110' title='bbox 1119 3245 1227 3330; x_wconf 89' lang='lat' dir='ltr'><strong>atque</strong></span> <span class='ocrx_word' id='word_1_111' title='bbox 1244 3239 1282 3306; x_wconf 92' lang='lat' dir='ltr'><strong>in</strong></span> <span class='ocrx_word' id='word_1_112' title='bbox 1299 3237 1396 3308; x_wconf 92' lang='lat' dir='ltr'><strong>omni</strong></span> 
     </span>
     <span class='ocr_line' id='line_1_20' title="bbox 306 3351 1397 3445; baseline 0.002 -23"><span class='ocrx_word' id='word_1_113' title='bbox 306 3361 402 3422; x_wconf 88' lang='lat' dir='ltr'><strong>coetu</strong></span> <span class='ocrx_word' id='word_1_114' title='bbox 432 3353 539 3423; x_wconf 90' lang='lat' dir='ltr'><strong>idem.</strong></span> <span class='ocrx_word' id='word_1_115' title='bbox 592 3351 693 3423; x_wconf 92' lang='lat' dir='ltr'><strong>Nudi</strong></span> <span class='ocrx_word' id='word_1_116' title='bbox 713 3353 874 3445; x_wconf 87' lang='lat' dir='ltr'><strong>juvenes,</strong></span> <span class='ocrx_word' id='word_1_117' title='bbox 901 3351 1030 3445; x_wconf 90' lang='lat' dir='ltr'><strong>quibus</strong></span> <span class='ocrx_word' id='word_1_118' title='bbox 1063 3354 1100 3424; x_wconf 93' lang='lat' dir='ltr'><strong>id</strong></span> <span class='ocrx_word' id='word_1_119' title='bbox 1129 3352 1304 3424; x_wconf 88' lang='lat' dir='ltr'><strong>ludicrum</strong></span> <span class='ocrx_word' id='word_1_120' title='bbox 1332 3363 1397 3434; x_wconf 86' lang='lat' dir='ltr'><strong>est,</strong></span> 
     </span>
     <span class='ocr_line' id='line_1_21' title="bbox 306 3468 1396 3564; baseline 0 -25"><span class='ocrx_word' id='word_1_121' title='bbox 306 3470 402 3540; x_wconf 90' lang='lat' dir='ltr'><strong>inter</strong></span> <span class='ocrx_word' id='word_1_122' title='bbox 425 3468 562 3563; x_wconf 81' lang='lat' dir='ltr'><strong>gladios</strong></span> <span class='ocrx_word' id='word_1_123' title='bbox 587 3491 635 3552; x_wconf 86' lang='lat' dir='ltr'><strong>se,</strong></span> <span class='ocrx_word' id='word_1_124' title='bbox 652 3477 760 3564; x_wconf 89' lang='lat' dir='ltr'><strong>atque</strong></span> <span class='ocrx_word' id='word_1_125' title='bbox 785 3469 933 3540; x_wconf 86' lang='lat' dir='ltr'><strong>infestas</strong></span> <span class='ocrx_word' id='word_1_126' title='bbox 959 3470 1118 3554; x_wconf 86' lang='lat' dir='ltr'><strong>frameas,</strong></span> <span class='ocrx_word' id='word_1_127' title='bbox 1136 3468 1228 3541; x_wconf 90' lang='lat' dir='ltr'><strong>saltu</strong></span> <span class='ocrx_word' id='word_1_128' title='bbox 1245 3470 1396 3563; x_wconf 88' lang='lat' dir='ltr'><strong>jaciunt.</strong></span> 
     </span>
     <span class='ocr_line' id='line_1_22' title="bbox 307 3585 1398 3681; baseline 0 -25"><span class='ocrx_word' id='word_1_129' title='bbox 307 3585 529 3656; x_wconf 85' lang='lat' dir='ltr'><strong>Exercitatio</strong></span> <span class='ocrx_word' id='word_1_130' title='bbox 554 3595 667 3656; x_wconf 89' lang='lat' dir='ltr'><strong>artem</strong></span> <span class='ocrx_word' id='word_1_131' title='bbox 693 3587 841 3681; x_wconf 86' lang='lat' dir='ltr'><strong>paravit,</strong></span> <span class='ocrx_word' id='word_1_132' title='bbox 858 3609 913 3658; x_wconf 87' lang='lat' dir='ltr'><strong>ars</strong></span> <span class='ocrx_word' id='word_1_133' title='bbox 931 3587 1117 3660; x_wconf 89' lang='lat' dir='ltr'><strong>decorem:</strong></span> <span class='ocrx_word' id='word_1_134' title='bbox 1144 3610 1216 3657; x_wconf 94' lang='lat' dir='ltr'><strong>non</strong></span> <span class='ocrx_word' id='word_1_135' title='bbox 1242 3587 1280 3656; x_wconf 91' lang='lat' dir='ltr'><strong>in</strong></span> <span class='ocrx_word' id='word_1_136' title='bbox 1302 3609 1398 3679; x_wconf 88' lang='lat' dir='ltr'><strong>quae-</strong></span> 
     </span>
     <span class='ocr_line' id='line_1_23' title="bbox 306 3701 1397 3796; baseline 0 -22"><span class='ocrx_word' id='word_1_137' title='bbox 306 3710 402 3774; x_wconf 87' lang='lat' dir='ltr'><strong>stum</strong></span> <span class='ocrx_word' id='word_1_138' title='bbox 419 3711 551 3785; x_wconf 90' lang='lat' dir='ltr'><strong>tamen,</strong></span> <span class='ocrx_word' id='word_1_139' title='bbox 570 3711 632 3774; x_wconf 89' lang='lat' dir='ltr'><strong>aut</strong></span> <span class='ocrx_word' id='word_1_140' title='bbox 649 3701 875 3773; x_wconf 84' lang='lat' dir='ltr'><strong>mercedem:</strong></span> <span class='ocrx_word' id='word_1_141' title='bbox 901 3704 1060 3796; x_wconf 86' lang='lat' dir='ltr'><strong>quamvis</strong></span> <span class='ocrx_word' id='word_1_142' title='bbox 1085 3704 1227 3776; x_wconf 90' lang='lat' dir='ltr'><strong>audacis</strong></span> <span class='ocrx_word' id='word_1_143' title='bbox 1245 3703 1397 3774; x_wconf 82' lang='lat' dir='ltr'><strong>lasciviae</strong></span> 
     </span>
     <span class='ocr_line' id='line_1_24' title="bbox 306 3817 1397 3916; baseline 0.001 -28"><span class='ocrx_word' id='word_1_144' title='bbox 306 3820 462 3912; x_wconf 91' lang='lat' dir='ltr'><strong>pretium</strong></span> <span class='ocrx_word' id='word_1_145' title='bbox 487 3829 552 3904; x_wconf 89' lang='lat' dir='ltr'><strong>est,</strong></span> <span class='ocrx_word' id='word_1_146' title='bbox 570 3817 732 3911; x_wconf 80' lang='lat' dir='ltr'><strong>voluptas</strong></span> <span class='ocrx_word' id='word_1_147' title='bbox 758 3821 1007 3912; x_wconf 90' lang='lat' dir='ltr'><strong>spectantium.</strong></span> <span class='ocrx_word' id='word_1_148' title='bbox 1058 3818 1187 3892; x_wconf 86' lang='lat' dir='ltr'><strong>Aleam</strong></span> <span class='ocrx_word' id='word_1_149' title='bbox 1207 3821 1316 3916; x_wconf 76' lang='lat' dir='ltr'><strong>(quod</strong></span> <span class='ocrx_word' id='word_1_150' title='bbox 1332 3821 1397 3890; x_wconf 90' lang='lat' dir='ltr'><strong>mi-</strong></span> 
     </span>
     <span class='ocr_line' id='line_1_25' title="bbox 308 3934 1399 4031; baseline 0.002 -26"><span class='ocrx_word' id='word_1_151' title='bbox 308 3939 400 4028; x_wconf 82' lang='lat' dir='ltr'><strong>rere)</strong></span> <span class='ocrx_word' id='word_1_152' title='bbox 423 3936 530 4007; x_wconf 88' lang='lat' dir='ltr'><strong>sobrii</strong></span> <span class='ocrx_word' id='word_1_153' title='bbox 556 3937 651 4006; x_wconf 90' lang='lat' dir='ltr'><strong>inter</strong></span> <span class='ocrx_word' id='word_1_154' title='bbox 678 3936 769 4008; x_wconf 87' lang='lat' dir='ltr'><strong>seria</strong></span> <span class='ocrx_word' id='word_1_155' title='bbox 797 3946 976 4019; x_wconf 85' lang='lat' dir='ltr'><strong>exercent,</strong></span> <span class='ocrx_word' id='word_1_156' title='bbox 1003 3934 1107 4008; x_wconf 78' lang='lat' dir='ltr'><strong>tanti</strong></span> <span class='ocrx_word' id='word_1_157' title='bbox 1135 3937 1295 4010; x_wconf 86' lang='lat' dir='ltr'><strong>lucrandi</strong></span> <span class='ocrx_word' id='word_1_158' title='bbox 1321 3960 1399 4031; x_wconf 88' lang='lat' dir='ltr'><strong>per·</strong></span> 
     </span>
     <span class='ocr_line' id='line_1_26' title="bbox 308 4051 1400 4138; baseline 0.005 -18"><span class='ocrx_word' id='word_1_159' title='bbox 308 4051 460 4122; x_wconf 89' lang='lat' dir='ltr'><strong>dendive</strong></span> <span class='ocrx_word' id='word_1_160' title='bbox 488 4054 702 4136; x_wconf 87' lang='lat' dir='ltr'><strong>temeritate,</strong></span> <span class='ocrx_word' id='word_1_161' title='bbox 733 4061 784 4135; x_wconf 92' lang='lat' dir='ltr'><strong>ut,</strong></span> <span class='ocrx_word' id='word_1_162' title='bbox 818 4052 900 4123; x_wconf 76' lang='lat' dir='ltr'><strong>crim</strong></span> <span class='ocrx_word' id='word_1_163' title='bbox 933 4055 1053 4125; x_wconf 87' lang='lat' dir='ltr'><strong>omnia</strong></span> <span class='ocrx_word' id='word_1_164' title='bbox 1086 4053 1301 4138; x_wconf 85' lang='lat' dir='ltr'><strong>defecenmt,</strong></span> <span class='ocrx_word' id='word_1_165' title='bbox 1337 4077 1400 4126; x_wconf 87' lang='lat' dir='ltr'><strong>ex·</strong></span> 
     </span>
     <span class='ocr_line' id='line_1_27' title="bbox 307 4169 1399 4265; baseline 0.005 -28"><span class='ocrx_word' id='word_1_166' title='bbox 307 4175 423 4238; x_wconf 89' lang='lat' dir='ltr'><strong>tremo</strong></span> <span class='ocrx_word' id='word_1_167' title='bbox 447 4192 488 4239; x_wconf 91' lang='lat' dir='ltr'><strong>ac</strong></span> <span class='ocrx_word' id='word_1_168' title='bbox 511 4169 702 4240; x_wconf 87' lang='lat' dir='ltr'><strong>novissimo</strong></span> <span class='ocrx_word' id='word_1_169' title='bbox 717 4170 820 4262; x_wconf 84' lang='lat' dir='ltr'><strong>jactu</strong></span> <span class='ocrx_word' id='word_1_170' title='bbox 846 4170 891 4240; x_wconf 89' lang='lat' dir='ltr'><strong>de</strong></span> <span class='ocrx_word' id='word_1_171' title='bbox 921 4169 1087 4243; x_wconf 88' lang='lat' dir='ltr'><strong>libertate</strong></span> <span class='ocrx_word' id='word_1_172' title='bbox 1113 4179 1151 4242; x_wconf 89' lang='lat' dir='ltr'><strong>et</strong></span> <span class='ocrx_word' id='word_1_173' title='bbox 1180 4171 1224 4241; x_wconf 94' lang='lat' dir='ltr'><strong>de</strong></span> <span class='ocrx_word' id='word_1_174' title='bbox 1253 4194 1399 4265; x_wconf 86' lang='lat' dir='ltr'><strong>corpore</strong></span> 
     </span>
     <span class='ocr_line' id='line_1_28' title="bbox 308 4285 1397 4360; baseline 0.005 -5"><span class='ocrx_word' id='word_1_175' title='bbox 308 4287 535 4357; x_wconf 87' lang='lat' dir='ltr'><strong>contendant.</strong></span> <span class='ocrx_word' id='word_1_176' title='bbox 588 4285 718 4358; x_wconf 90' lang='lat' dir='ltr'><strong>Victus</strong></span> <span class='ocrx_word' id='word_1_177' title='bbox 761 4286 996 4358; x_wconf 85' lang='lat' dir='ltr'><strong>voluntariam</strong></span> <span class='ocrx_word' id='word_1_178' title='bbox 1036 4289 1261 4359; x_wconf 87' lang='lat' dir='ltr'><strong>servitutem¹</strong></span> <span class='ocrx_word' id='word_1_179' title='bbox 1301 4289 1397 4360; x_wconf 87' lang='lat' dir='ltr'><strong>adit:</strong></span> 
     </span>
     <span class='ocr_line' id='line_1_29' title="bbox 309 4402 1398 4499; baseline 0 -23"><span class='ocrx_word' id='word_1_180' title='bbox 309 4405 469 4496; x_wconf 82' lang='lat' dir='ltr'><strong>quamvis</strong></span> <span class='ocrx_word' id='word_1_181' title='bbox 480 4402 613 4495; x_wconf 90' lang='lat' dir='ltr'><strong>junior,</strong></span> <span class='ocrx_word' id='word_1_182' title='bbox 631 4405 790 4496; x_wconf 86' lang='lat' dir='ltr'><strong>quamvis</strong></span> <span class='ocrx_word' id='word_1_183' title='bbox 807 4404 992 4488; x_wconf 87' lang='lat' dir='ltr'><strong>robustior,</strong></span> <span class='ocrx_word' id='word_1_184' title='bbox 1010 4404 1145 4499; x_wconf 84' lang='lat' dir='ltr'><strong>alligari</strong></span> <span class='ocrx_word' id='word_1_185' title='bbox 1165 4429 1203 4478; x_wconf 83' lang='lat' dir='ltr'><strong>ae</strong></span> <span class='ocrx_word' id='word_1_186' title='bbox 1220 4427 1261 4476; x_wconf 83' lang='lat' dir='ltr'><strong>ac</strong></span> <span class='ocrx_word' id='word_1_187' title='bbox 1279 4405 1398 4476; x_wconf 90' lang='lat' dir='ltr'><strong>venire</strong></span> 
     </span>
    </p>
   </div>
   <div class='ocr_carea' id='block_1_10' title="bbox 0 0 1620 5088">
    <p class='ocr_par' dir='ltr' id='par_1_10' title="bbox 0 0 1620 5088">
     <span class='ocr_line' id='line_1_30' title="bbox 0 0 1620 5088; baseline 0 0"><span class='ocrx_word' id='word_1_188' title='bbox 0 0 1620 5088; x_wconf 95' lang='lat' dir='ltr'><strong> </strong></span> 
     </span>
    </p>
   </div>
  </div>
 </body>
</html>
