3150 5136
282 321 369 392 xxvi
558 336 634 432 nnn
659 336 839 392 onnnenr
866 337 914 394 or
939 337 1105 395 necnee.

282 505 416 574 utentes,
439 505 507 561 arte
528 497 663 582 quadem
689 497 773 584 ligno
796 498 934 576 incuruo,
951 497 994 563 od
1016 521 1107 562 orcus
1131 496 1385 572 similitudinem,

281 599 363 664 feres
388 609 603 682 assequuntur.
648 598 747 684 Apud
773 601 831 664 hos
854 606 902 663 cst
925 599 1053 674 animal,
1068 621 1131 663 non
1146 600 1225 666 sctis
1237 599 1388 664 absimile

283 721 384 774 cervo,
401 698 440 762 de
457 697 545 784 cujus
559 722 616 785 ego
631 700 725 774 corio,
740 706 778 763 ut
800 699 902 764 fuerat
925 699 996 785 pilis
1016 699 1184 784 hispidum,
1202 707 1325 764 vestem
1353 699 1388 763 in

282 799 409 863 modum
427 799 552 876 tunice,
568 808 757 885 genutenus
778 807 920 885 optatum
941 800 1098 884 conspexi,
1115 798 1199 866 sicut
1219 797 1290 884 jem
1313 800 1388 876 fati,

282 907 320 964 ut
344 900 478 964 relatum
504 907 563 976 est,
591 899 758 965 Scritobiui
787 907 929 965 utuntur.
985 899 1106 982 Quibus
1133 901 1165 965 iu
1191 899 1269 965 locis
1298 901 1390 964 circo

283 999 419 1065 aestivele
447 999 626 1078 solstitium,
654 1023 711 1086 per
733 999 850 1085 aliquot
874 1000 950 1080 dies,
971 1000 1066 1064 etiem
1089 1008 1184 1065 noctu
1207 1001 1390 1066 clarissime

283 1101 340 1164 lux
357 1100 503 1178 comitur,
522 1100 647 1184 diesque
662 1099 705 1166 ibi
720 1101 821 1166 multo
836 1097 978 1188 majores,
996 1122 1089 1184 quam
1106 1100 1181 1166 alibi
1202 1101 1386 1166 habentur:

283 1202 363 1266 sicot
387 1223 404 1265 e
425 1202 592 1276 contrario,
608 1201 690 1278 circe
713 1200 853 1266 brumale
877 1201 1054 1279 solstitium,
1075 1202 1217 1285 quemvis
1236 1200 1301 1266 diei
1323 1203 1389 1266 lux

283 1301 378 1378 adsit,
390 1301 437 1366 sol
451 1310 557 1367 temen
572 1301 616 1366 ibi
630 1325 692 1366 non
702 1301 834 1380 videtur,
850 1300 976 1386 diesque
991 1301 1122 1380 minimi,
1137 1323 1232 1386 qoem
1246 1323 1389 1385 nsquam

282 1401 367 1479 olibi,
382 1409 491 1466 noctes
505 1424 626 1486 quoque
640 1401 793 1487 longiores
809 1401 961 1466 existunt.
1011 1401 1094 1483 Quis
1117 1401 1236 1467 scilicet
1258 1410 1388 1486 quanto

282 1501 382 1588 magis
404 1525 425 1567 a
444 1502 509 1566 sole
530 1501 653 1587 longius
674 1501 852 1580 disceditur,
874 1508 964 1566 tento
986 1502 1033 1568 sol
1055 1503 1121 1587 ipse
1144 1509 1235 1567 terrae
1248 1503 1388 1570 uicinior

282 1610 422 1688 apparet,
439 1608 471 1666 et
495 1601 613 1666 umbrae
633 1601 787 1687 longiores
805 1609 1000 1668 excrescunt.
1048 1601 1190 1686 Denique
1212 1601 1246 1666 in
1270 1601 1385 1679 Italia,

281 1702 364 1768 sient
392 1708 424 1766 et
437 1701 559 1785 antiqui
573 1701 771 1787 scripserunt,
788 1703 870 1767 cirea
884 1701 966 1768 diem
981 1702 1096 1768 natalis
1110 1701 1248 1782 Domini,
1263 1725 1384 1767 novem

281 1801 376 1886 pedes
390 1801 423 1866 in
437 1801 550 1866 umbre
566 1809 693 1867 stature
707 1801 852 1867 humone
872 1802 950 1868 hors
969 1809 1060 1867 sexte
1079 1801 1261 1869 metiuntur.
1309 1803 1385 1888 Ego

281 1910 389 1967 sutem
402 1901 435 1966 in
453 1900 557 1966 Gellio
571 1901 707 1988 Belgica,
726 1903 758 1968 in
773 1903 841 1967 loco
855 1903 909 1987 qni
926 1902 1058 1968 Totonis
1071 1902 1145 1967 villa
1160 1903 1287 1978 dicitur,
1304 1925 1386 1967 eon-

281 2001 422 2082 stitutus,
453 2009 554 2068 status
581 2002 643 2068 mei
669 2002 812 2068 umbram
840 2003 983 2080 metiens,
1009 2002 1117 2067 decem
1145 2011 1177 2067 et
1203 2024 1318 2068 novem
1344 2013 1384 2068 et

281 2101 377 2168 semis
397 2102 492 2188 pedes
513 2101 629 2168 inveni.
680 2101 733 2168 Sic
747 2125 868 2187 quoque
883 2103 1038 2170 contrario
1054 2102 1158 2182 modo,
1173 2112 1290 2187 quanto
1306 2127 1386 2189 pro-

281 2203 426 2289 pinquius
451 2203 612 2268 meridiem
626 2225 734 2268 versos
754 2203 796 2268 ed
815 2203 911 2270 solem
929 2202 1096 2282 acceditur,
1112 2209 1237 2268 tentum
1254 2225 1384 2288 semper

280 2304 399 2368 umbrae
422 2303 579 2369 breviores
603 2303 768 2379 videntum
805 2303 837 2368 in
864 2311 998 2382 tentum,
1026 2315 1063 2370 ut
1087 2303 1220 2368 solstitio
1244 2304 1383 2368 estiveli

279 2404 453 2490 respicente
473 2404 537 2470 sole
559 2403 599 2468 de
616 2403 719 2468 medio
734 2404 810 2482 coeli,
827 2403 859 2468 in
876 2404 1024 2490 AEgypto
1039 2411 1072 2468 et
1087 2403 1328 2490 Hierosolymis,
1344 2415 1383 2470 et

280 2506 313 2570 in
338 2527 445 2569 eornm
467 2504 629 2571 vicinitate
651 2503 830 2570 constitutis
850 2504 1043 2584 loeis,n1dlae
1065 2503 1232 2569 videantur
1245 2504 1381 2570 umbrae.

282 2604 321 2670 In
336 2605 458 2670 Arabis
471 2627 543 2668 vero
559 2605 619 2669 hoc
638 2605 706 2690 ipso
728 2611 867 2691 tempore
889 2604 936 2670 sol
957 2626 1051 2690 supro
1071 2603 1210 2669 medinm
1232 2604 1312 2682 coeli,
1335 2605 1381 2670 od

282 2713 404 2790 purtem
419 2704 572 2789 aquilonis
592 2705 739 2784 cernitur,
762 2705 941 2790 umbraeque
958 2727 1046 2771 versa
1059 2704 1128 2768 viee
1149 2711 1259 2770 contra
1281 2706 1381 2770 meri·

281 2805 364 2871 diem
378 2805 533 2870 videntur.

327 2905 390 2970 VI.
413 2905 480 2970 Nec
508 2905 586 2972 setis
614 2906 721 2991 procul
749 2904 791 2969 eb
818 2905 879 2970 hoc
901 2905 1023 2990 dequo
1046 2903 1250 2990 premisimus
1271 2905 1377 2980 litore,

280 3013 390 3072 contro
412 3004 637 3071 occidentalem
659 3013 869 3092 partemque
890 3005 957 3071 sine
980 3003 1041 3070 fine
1066 3004 1227 3070 Oceanum
1248 3006 1380 3091 pelagus

281 3113 380 3193 petet,
406 3105 645 3191 profundissimo
670 3127 821 3191 equorum
842 3105 896 3170 illo
917 3127 1032 3192 vorago
1059 3113 1116 3184 est,
1141 3128 1235 3190 quom
1258 3106 1379 3171 necato

280 3206 406 3271 nomine
428 3206 523 3272 meris
542 3206 724 3272 umbilicum
744 3229 903 3282 vocemus,
925 3229 993 3290 quae
1017 3205 1110 3271 bisin
1127 3204 1305 3272 diefluctos
1321 3207 1379 3271 ob-

280 3306 414 3385 sorbere,
440 3313 473 3371 et
497 3328 620 3372 rursum
645 3329 787 3374 evomere
812 3305 945 3372 dieitur:
969 3306 1050 3372 siout
1073 3328 1129 3391 per
1152 3305 1296 3371 universe
1321 3306 1379 3371 illu

279 3407 382 3484 litore,
401 3406 621 3472 accedentibus
637 3415 670 3471 et
693 3404 908 3472 recedentibus
924 3403 1081 3482 fluctibus,
1099 3406 1258 3472 celeritate
1279 3406 1379 3472 nimio

280 3505 347 3572 fieri
369 3506 597 3592 comprobetur.
644 3503 834 3592 Hujusmodi
856 3529 971 3593 vorago
992 3507 1057 3572 sive
1078 3506 1211 3594 vertigo,
1237 3529 1257 3571 e
1282 3513 1379 3592 poete

283 3607 416 3695 Virgilio
438 3605 614 3694 Charybdis
634 3606 819 3692 appelletur,
842 3629 937 3691 quom
958 3607 1010 3672 ille
1032 3605 1064 3672 in
1085 3606 1166 3672 freto
1188 3606 1293 3673 Siculo
1307 3629 1377 3673 esse

280 3730 337 3774 suo
351 3709 383 3774 in
399 3707 536 3774 carmine
551 3707 698 3791 loquitur,
715 3705 774 3772 hoe
790 3707 884 3772 modo
899 3707 1022 3772 dicens:

428 3833 583 3887 “Dextrum
595 3831 681 3903 Scylla
692 3832 769 3902 lutus,
781 3831 872 3886 lerum
885 3831 1025 3904 implocotu
1037 3831 1182 3904 Charybdis

454 3919 572 3988 Obsidet,
583 3929 659 3991 utque
672 3921 725 3973 imo
737 3917 847 3973 bursthri
859 3927 898 3971 ter
908 3919 1009 3990 gurgite
1021 3929 1105 3972 vestes

453 4005 545 4060 Sorbet
556 4007 583 4060 io
595 4007 731 4079 abruptum
746 4006 847 4073 fluctus,
860 4023 998 4076 mrsusque
1009 4004 1058 4059 sub
1069 4022 1144 4058 euros

456 4093 539 4164 Erigit
551 4094 669 4162 alternos,
682 4103 708 4148 ct
720 4093 805 4148 sideru
816 4093 931 4148 verberet
942 4091 1039 4147 undo.”

280 4200 334 4266 Ab
348 4198 407 4262 hec
421 4218 495 4264 sene
511 4195 550 4261 de
565 4219 626 4281 qne
640 4197 777 4264 diximus
790 4195 952 4282 vertigine,
967 4219 1048 4282 saepe
1061 4219 1156 4262 neves
1171 4197 1284 4283 raptim
1307 4219 1378 4262 cnr·

278 4300 396 4385 simque
414 4296 538 4364 adtrahi
555 4296 758 4377 affirmentur,
775 4304 866 4364 tonte
878 4297 1047 4377 celeritate,
1066 4305 1101 4362 ut
1116 4299 1301 4383 sagittarum
1319 4320 1377 4384 per
