3144 5080
544 425 832 490 rnonnuonnru.
1153 406 1240 479 lxvii

142 591 225 677 quod
248 613 320 656 vero
343 591 385 656 ad
407 589 577 656 amicitiam
605 587 711 675 populi
739 586 871 652 Romani
901 585 1098 664 adtulissent,
1132 587 1168 652 id
1202 589 1240 652 iis

142 692 230 778 eripi,
260 692 328 775 quis
361 691 427 777 pati
459 688 613 776 possotl''
657 687 835 754 Postulavit
872 685 985 753 deinde
1014 687 1136 763 eadem,
1169 710 1238 773 quae

140 793 254 880 legatis
270 792 302 857 iu
317 791 472 858 mandatis
488 789 629 866 dederat,
645 797 667 829 “
682 812 721 855 ne
736 796 792 854 aut
806 787 936 868 AEduis,
952 797 1008 853 aut
1023 810 1129 853 eorum
1145 788 1237 854 sociis

142 894 258 960 bellum
283 892 429 968 inferret3
464 890 587 956 obsides
612 889 776 965 redderot;
813 889 839 955 si
866 889 984 954 nnllam
1008 897 1129 973 partem
1159 887 1237 953 Ger·

142 1015 305 1060 manorum
341 992 468 1058 domum
505 991 663 1056 remittere
694 998 808 1076 posset,
840 998 875 1054 at
905 1013 945 1055 ne
981 1011 1058 1074 quos
1096 989 1231 1076 amplius

143 1091 289 1159 Rhenum
303 1094 435 1159 transire
451 1089 644 1178 pateretur.''

186 1193 317 1259 XLIV.
340 1192 519 1259 Ariovistus
543 1191 585 1256 ad
607 1190 764 1278 postulata
780 1189 911 1257 Oaesaris
935 1213 1035 1276 pauca
1058 1189 1233 1276 respondit:

141 1293 181 1360 de
205 1294 269 1360 suis
294 1293 463 1360 virtutibus
488 1292 589 1358 multa
620 1291 821 1378 predicavit:
861 1291 1056 1357 “Transisse
1085 1291 1232 1356 Rhenum

140 1417 215 1476 sese,
232 1417 295 1462 non
317 1416 374 1460 sua
396 1401 515 1482 sponte,
541 1391 597 1458 sed
619 1400 763 1478 rogatum
792 1399 825 1457 et
854 1392 1035 1458 arcessitum
1059 1413 1079 1456 a
1105 1391 1230 1466 Gallis;

140 1519 202 1560 non
218 1495 284 1560 sine
305 1517 421 1581 magna
446 1517 500 1580 spe
521 1493 702 1580 magnisque
723 1493 858 1578 praemiis
880 1492 1007 1557 domum
1030 1493 1233 1578 propinquos-

140 1617 200 1680 que
227 1594 404 1680 reliquisse;
440 1593 529 1661 sedes
554 1594 668 1659 habere
693 1593 727 1658 in
748 1592 861 1670 Gallia,
887 1593 927 1658 ab
950 1593 1027 1679 ipsis
1046 1615 1230 1666 concessas;

140 1696 262 1762 obsides
272 1695 409 1781 ipsorum
426 1694 587 1760 voluntate
612 1695 725 1768 daton
748 1694 940 1780 stipendium
954 1715 1063 1780 capere
1073 1693 1145 1779 jure
1161 1693 1233 1759 belli

140 1795 224 1880 quod
240 1795 373 1861 victores
388 1795 479 1861 vietis
495 1795 652 1880 imponere
666 1795 864 1868 oonsuerint;
890 1817 951 1859 non
966 1815 1033 1860 sese
1051 1793 1159 1872 Gallis,
1177 1794 1232 1859 sed

141 1895 250 1960 Gallos
270 1895 330 1960 sibi
353 1894 469 1960 bellum
497 1895 658 1971 intulisse3
698 1917 805 1960 omnes
825 1895 934 1960 Gallia
960 1894 1104 1960 civitates
1130 1894 1173 1959 ad
1200 1917 1233 1960 se

142 1993 388 2080 oppugnandum
414 1995 543 2073 venisse,
567 2017 605 2060 ao
641 2004 751 2060 contra
776 2017 809 2062 se
836 2003 939 2062 castra
965 1995 1135 2071 habuisse;
1178 2017 1232 2060 eas

143 2115 251 2160 omnes
279 2094 384 2180 copias
414 2117 434 2158 a
464 2117 496 2158 se
519 2117 581 2159 nno
611 2095 716 2180 proelio
741 2095 825 2161 fusas
847 2119 885 2162 ao
910 2107 1072 2182 superatas
1093 2115 1180 2172 esse;
1205 2095 1229 2162 si

143 2193 257 2259 iterum
272 2193 405 2280 experiri
420 2193 525 2272 velint,
541 2193 654 2260 iterum
669 2203 812 2281 paratum
825 2219 891 2262 sese
904 2196 1062 2262 decertare
1075 2223 1084 2270 ;
1113 2197 1139 2262 si
1155 2219 1232 2282 paee

143 2293 192 2360 uti
223 2293 329 2374 velint,
354 2294 495 2380 iniquum
519 2316 595 2370 esse,
629 2294 668 2360 de
697 2294 852 2381 stipendio
882 2319 1033 2372 recusare,
1064 2297 1147 2381 qnod
1175 2319 1232 2362 sua

144 2395 304 2460 voluntate
328 2393 370 2460 ad
399 2395 433 2459 id
470 2403 594 2480 tempus
636 2393 850 2480 dependerint.
912 2396 1096 2462 Amicitiam
1128 2399 1234 2482 populi

143 2493 278 2560 Romani
307 2493 365 2561 sibi
388 2501 570 2561 ornamento
598 2503 630 2560 et
660 2494 814 2580 prasidio,
843 2517 905 2561 non
936 2496 1135 2572 detrimento,
1167 2519 1233 2564 esse

142 2603 295 2680 oportere,
310 2595 403 2681 idque
419 2617 452 2662 se
475 2617 513 2660 ea
526 2617 580 2682 spe
597 2595 721 2682 petisse.
766 2593 801 2660 Si
823 2619 879 2682 per
893 2595 1042 2681 populum
1058 2595 1235 2661 Romanum

143 2693 333 2781 stipendium
357 2695 538 2761 remittatur
561 2703 594 2761 et
620 2695 757 2762 dedititii
782 2697 1017 2774 subtrahantur,
1045 2719 1108 2761 non
1133 2699 1236 2764 minus

143 2794 276 2860 libenter
302 2817 369 2862 sese
394 2804 607 2862 recusaturum
634 2796 739 2882 populi
767 2796 901 2862 Romani
930 2796 1112 2874 amicitiam,
1141 2819 1234 2881 qaam

144 2893 322 2980 adpatierit.
381 2896 473 2980 Quod
504 2895 739 2962 multitudinem
772 2897 1001 2963 Germanorum
1032 2897 1065 2962 in
1099 2897 1235 2963 Galliam

144 2993 337 3074 transducat,
368 2994 403 3061 id
430 3020 464 3062 se
500 2997 548 3062 sui
576 2997 746 3076 muniendi,
776 3019 838 3062 non
870 2997 979 3063 Gallim
1018 2997 1236 3084 impugnandae

144 3116 255 3162 caussa
277 3095 396 3162 facere:
421 3095 487 3185 ejus
512 3097 556 3162 rei
574 3097 786 3164 testimonium
804 3119 880 3178 esse,
903 3097 1071 3183 quodnisi
1098 3107 1234 3184 rogatus,

144 3217 207 3260 non
222 3195 351 3274 venerit,
367 3205 400 3262 et
416 3196 498 3281 quod
513 3197 629 3262 bellum
644 3219 706 3262 non
720 3197 872 3274 intulerit,
887 3197 943 3264 sed
965 3197 1148 3264 defenderit.
1194 3198 1236 3264 Se

146 3295 232 3380 prius
253 3295 287 3360 in
302 3295 437 3362 Galliam
454 3297 585 3377 venisse,
607 3319 700 3382 quam
726 3298 875 3384 populum
896 3299 1082 3364 Romanurn.
1137 3298 1235 3364 Num-

144 3416 239 3479 quam
252 3397 398 3462 antehoc
413 3405 537 3483 tempus
551 3397 723 3464 exercitum
745 3398 851 3484 populi
874 3399 1009 3464 Romani
1035 3399 1145 3464 Galliae
1168 3421 1237 3484 pro

144 3493 253 3562 vinciae
283 3494 360 3564 lines
390 3519 556 3582 egressum.
619 3496 703 3579 Quid
740 3497 799 3563 sibi
829 3498 945 3564 velletl
1005 3497 1069 3564 (lur
1097 3500 1130 3563 in
1167 3521 1238 3564 suas

144 3595 351 3681 possessiones
375 3597 516 3663 reniret!
567 3596 765 3662 Provinciam
790 3621 878 3663 suam
893 3599 974 3664 hano
999 3621 1065 3664 esse
1092 3597 1236 3676 Galliam,

144 3695 226 3762 sium
250 3696 337 3763 illam
364 3705 514 3764 nostram.
561 3696 610 3763 Ut
637 3697 696 3782 ipsi
719 3698 846 3762 concedi
869 3721 932 3762 non
956 3707 1124 3784 oporteret,
1149 3699 1175 3764 si
1205 3698 1237 3764 in

144 3803 268 3862 nostros
282 3794 359 3864 lines
373 3798 526 3884 impetum
541 3797 678 3862 facerat:
703 3797 748 3863 sio
771 3798 849 3863 item
870 3819 928 3864 nos
947 3821 1013 3864 esse
1038 3799 1169 3883 iniquos,
1185 3801 1238 3883 qui

144 3895 176 3960 in
192 3917 247 3962 suo
256 3895 329 3983 jure
343 3921 376 3964 se
391 3898 667 3985 interpellaremus.
712 3897 805 3978 Quod
819 3897 930 3963 fratres
944 3921 964 3962 a
986 3907 1095 3964 senatu
1111 3898 1239 3966 AEduos

145 3995 320 4089 adpellatos
351 3997 478 4076 diceret,
517 4020 580 4063 non
606 4019 639 4064 se
668 4005 734 4062 tam
760 3997 937 4076 barbarum,
964 4020 1063 4084 neque
1087 4007 1155 4064 tam
1182 3999 1239 4064 im-

145 4095 281 4180 peritum
306 4119 372 4164 esse
396 4121 509 4177 rerum,
535 4105 571 4163 ut
602 4119 664 4164 non
688 4098 904 4183 miratusque
930 4098 1010 4163 bello
1033 4098 1239 4184 Allobrogum

145 4195 289 4280 proximo
303 4197 430 4266 AEduos
447 4197 598 4265 Romanis
611 4199 763 4264 auxilium
786 4199 903 4277 tulisse,
919 4220 1018 4284 neque
1039 4199 1123 4285 ipsos
1143 4199 1177 4264 in
1191 4202 1241 4266 his

146 4296 405 4378 contentionibus,
421 4321 499 4384 quas
522 4298 625 4364 AEdui
650 4321 754 4365 semim
780 4307 909 4364 etcum
938 4297 1089 4383 Sequanis
1114 4301 1241 4365 babuis-

145 4403 226 4477 καὶ,
253 4396 370 4464 auxilio
397 4400 502 4486 populi
518 4399 653 4466 Romani
667 4421 739 4466 usos
756 4421 832 4466 esse.
885 4399 1007 4466 Debere
1023 4423 1057 4465 se
1079 4400 1238 4486 suspicari

1079 4492 1135 4560 js
