3158 5122
302 428 378 500 lxiv
577 443 653 500 nnn
679 443 859 498 onnnrsr
887 445 935 500 or
960 445 1127 502 moinus.

299 609 410 692 quibus
438 629 500 687 eos,
532 629 572 673 ne
606 608 686 673 forte
717 607 888 694 pericnlum
925 607 1106 686 inciderent,
1145 609 1245 673 redire
1279 610 1394 678 noluit.

299 709 438 790 Quorum
465 707 619 774 adventus
638 731 764 774 causam
792 708 960 793 imperator
986 708 1165 794 diligentius
1188 709 1392 795 investigans,

299 811 449 894 comperit
472 831 518 873 eos
540 810 719 894 gestirem
745 811 904 886 Sororum,
934 809 1146 894 exploratores
1171 810 1275 894 potius
1302 812 1391 896 regni

297 909 380 974 illius
390 909 546 993 nostrique
561 931 654 994 quam
668 909 813 973 amicitia
828 909 977 992 petitores
991 917 1088 988 retus,
1101 932 1194 994 penes
1207 931 1239 974 se
1254 933 1391 995 eousque

298 1009 477 1075 retinendos
501 1009 666 1094 judicavit,
691 1009 774 1093 quod
802 1009 952 1074 veraciter
980 1009 1117 1073 invenire
1140 1018 1254 1094 posset,
1281 1020 1389 1076 utrum

299 1107 432 1175 fideliter
445 1133 481 1174 eo
496 1131 592 1174 necue
607 1109 804 1196 pervenerint
816 1133 825 1182 3
843 1108 935 1193 idque
948 1108 1120 1194 Theophilo
1133 1133 1188 1195 per
1199 1121 1390 1177 memoratos

298 1209 418 1296 legatos
439 1233 510 1276 suos
532 1218 626 1295 atque
649 1209 812 1296 epistolam
836 1209 979 1274 intimare
1001 1230 1063 1273 non
1089 1209 1221 1288 distulit,
1244 1225 1277 1275 et
1303 1209 1389 1295 quod

297 1333 350 1376 eos
364 1311 446 1376 illius
461 1333 565 1376 amore
588 1311 720 1375 libenter
735 1309 913 1394 susceperit,
933 1332 970 1373 ae
992 1310 1018 1374 si
1042 1307 1147 1374 fideles
1162 1309 1386 1388 invenirentur,

297 1419 330 1476 et
363 1412 497 1477 facultas
526 1411 643 1494 absque
674 1411 798 1475 illorum
829 1409 964 1494 periculo
994 1409 1026 1473 in
1058 1409 1192 1494 patriam
1225 1411 1386 1475 remeandi

298 1511 433 1590 daretur,
457 1533 528 1576 cum
550 1510 666 1576 auxilio
687 1507 913 1584 remittendos;
937 1510 984 1574 sin
1009 1508 1096 1586 alies,
1113 1533 1175 1574 uua
1196 1531 1267 1575 eum
1287 1512 1387 1576 missis

296 1614 409 1678 nostris
432 1612 473 1677 ad
496 1608 561 1696 ejus
583 1611 778 1695 presentiam
793 1608 979 1694 dirigendos,
993 1618 1029 1673 ut
1044 1610 1119 1694 quid
1137 1609 1175 1674 de
1189 1611 1304 1676 talibus
1318 1609 1386 1676 fieri

294 1711 431 1788 deberet,
438 1713 503 1797 ipse
512 1709 706 1774 decernendo
715 1707 1040 1774 efficeret.''-Annal.
1048 1709 1167 1774 Bertin.
1175 1709 1268 1776 Pertz
1281 1711 1383 1777 inst.

339 1812 406 1876 The
426 1811 500 1897 only
515 1809 611 1876 shade
631 1809 701 1875 that
726 1811 782 1874 has
796 1809 874 1873 been
888 1810 1011 1874 thrown
1026 1831 1100 1874 over
1122 1809 1186 1875 this
1207 1811 1385 1876 conclusion

294 1912 321 1978 is
346 1912 399 1976 the
414 1919 565 1997 apparent
590 1931 644 1974 nse
658 1911 694 1974 of
713 1913 767 1974 the
792 1910 877 1973 Turk
895 1909 981 1974 word
1006 1909 1303 1984 Olnemr=Klrnar
1327 1912 1384 1977 but

295 2013 394 2078 Zeuss
413 2010 480 2076 well
507 2017 648 2096 suggests
663 2009 734 2075 thet
751 2009 814 2075 this
828 2008 855 2074 is
881 2031 921 2073 no
937 2009 1025 2074 Turlr
1042 2009 1122 2089 title,
1140 2010 1197 2075 bnt
1214 2012 1268 2076 the
1285 2011 1384 2078 Norse

297 2135 408 2197 proper
422 2134 513 2177 name
529 2111 653 2175 Hukoa.

343 2211 428 2291 And,
445 2221 479 2276 to
497 2209 624 2276 confirm
646 2210 688 2275 all
710 2210 782 2288 this,
803 2208 977 2295 Liutprand
996 2209 1099 2274 writes
1111 2217 1187 2274 :—“
1202 2210 1287 2276 Gens
1301 2235 1386 2296 quae-

297 2313 371 2377 dam
402 2321 450 2378 est
478 2312 535 2377 sub
560 2310 712 2395 aquilonis
739 2318 827 2396 parte
849 2310 1028 2387 constituta,
1059 2332 1152 2393 quam
1185 2333 1206 2375 a
1234 2311 1383 2395 qualitate

298 2413 433 2498 corporis
448 2411 549 2477 Graeci
566 2419 677 2476 vocant
692 2412 814 2488 Brasos,
829 2432 885 2476 nos
907 2431 980 2473 vero
1006 2431 1026 2474 a
1047 2409 1199 2495 positione
1220 2411 1280 2476 loci
1295 2435 1384 2476 roce-

298 2536 367 2579 mus
392 2513 620 2578 Nordmoncos.
677 2511 798 2597 Lingua
823 2511 935 2595 quippe
962 2509 1138 2575 Teutonum
1162 2511 1243 2576 cord
1269 2513 1382 2596 aquilo,

296 2636 369 2678 mua
387 2623 491 2679 autem
506 2634 574 2677 mas
591 2634 645 2676 seu
668 2611 716 2676 vir
740 2610 862 2688 dicitur,
876 2609 959 2674 uude
980 2618 1012 2674 et
1034 2608 1252 2677 Nordmannos
1265 2612 1386 2697 aquilo-

295 2735 385 2779 nares
409 2714 548 2780 homines
573 2711 674 2776 dicere
701 2733 873 2797 possumus.
919 2707 1024 2796 Hujus
1047 2710 1178 2795 denique
1197 2712 1300 2797 gentis
1326 2735 1383 2777 rex

298 2813 393 2900 Inger
406 2813 555 2879 vocabulo
577 2821 654 2890 eret,
671 2811 722 2895 qui
737 2811 875 2876 collectis
894 2810 978 2874 mille
1000 2818 1032 2874 et
1051 2833 1087 2874 eo
1105 2812 1237 2897 emplius
1253 2813 1384 2878 navibus

297 2913 596 2999 Constantinopolim
611 2911 945 2996 venit-Gompositis
964 2911 1069 2995 itaque
1084 2912 1253 2977 seeundum
1268 2910 1382 2998 jussio-

295 3037 367 3078 nem
391 3037 476 3080 suam
509 3012 702 3090 chelandriis,
733 3011 975 3098 sapientissimos
1008 3011 1040 3075 in
1067 3010 1112 3075 eis
1140 3012 1223 3078 viros
1252 3012 1382 3078 collocat

298 3107 474 3206 (Ronramm
491 3105 689 3203 Imperator),
703 3121 797 3197 atque
814 3120 850 3176 ut
867 3110 932 3196 regi
949 3111 1061 3196 Iugero
1075 3121 1247 3188 occurrant,
1264 3113 1382 3177 denun-

296 3214 368 3278 ciat.
420 3214 556 3278 Profecti
586 3213 727 3298 denique,
755 3234 825 3277 cum
853 3211 885 3276 in
916 3211 1025 3297 pelago
1053 3233 1105 3276 eos
1133 3211 1294 3296 impositos
1324 3235 1383 3278 rex

298 3313 391 3399 Inger
412 3313 565 3398 aspicerit,
589 3313 739 3378 exercitui
761 3334 816 3376 suo
839 3310 993 3396 praecepit,
1011 3319 1048 3375 ut
1064 3311 1145 3376 viros
1170 3311 1238 3376 illos
1260 3322 1385 3397 caperet

296 3421 328 3478 et
345 3436 406 3478 non
419 3413 583 3478 occideret.
628 3412 769 3496 Denique
792 3411 955 3474 miserator
974 3418 1007 3475 st
1030 3411 1202 3477 misericors
1218 3412 1383 3488 Dominus,

295 3513 347 3599 qui
363 3536 394 3579 se
410 3514 554 3590 colentes,
578 3535 610 3578 se
632 3511 842 3597 deprecantes,
857 3533 890 3576 se
904 3509 1071 3576 adorantes
1085 3533 1147 3575 non
1164 3511 1263 3578 solum
1280 3519 1384 3597 prote-

294 3636 377 3699 gere,
397 3637 502 3680 rerum
518 3614 612 3677 etiam
628 3611 758 3677 victoria
773 3610 870 3676 voluit
892 3611 1051 3688 honorare,
1070 3611 1171 3678 ventis
1192 3619 1266 3676 tuno
1288 3612 1386 3697 placi-

296 3713 371 3779 dum
388 3711 524 3778 reddidit
540 3733 634 3776 mere.
679 3709 775 3777 Scene
789 3712 871 3775 enim
894 3711 934 3775 ob
955 3711 1036 3796 ignis
1060 3711 1252 3778 emissionem
1266 3710 1385 3778 Grecis

295 3824 362 3879 erat
386 3812 626 3878 incommodum.
674 3811 777 3898 Igitur
798 3812 830 3876 in
847 3811 1017 3876 Russorum
1039 3809 1142 3876 medio
1163 3813 1256 3895 positi
1279 3811 1384 3898 ignem

294 3913 493 3980 circumcirca
507 3909 682 3998 projiciunt.
737 3912 827 3995 Quod
843 3912 918 3977 dum
934 3911 1028 3976 Russi
1043 3911 1245 3996 conspiciunt,
1262 3935 1279 3975 e
1295 3911 1385 3976 navi-

293 4014 351 4080 bus
366 4014 528 4080 confestim
545 4035 610 4079 sese
633 4013 664 4077 in
688 4035 772 4078 mare
796 4009 960 4098 projiciunt
982 4011 1160 4096 eliguntque
1175 4013 1280 4096 potius
1293 4012 1383 4097 aquis

294 4112 459 4199 submergi,
484 4135 577 4199 quem
607 4111 670 4199 igni
700 4113 839 4178 cremari.
890 4111 956 4175 Alii
981 4119 1056 4175 tnnc
1087 4110 1190 4176 loricis
1221 4121 1253 4177 et
1286 4112 1384 4197 galeis

293 4213 422 4292 onerati,
454 4236 612 4298 uunquam
638 4213 732 4280 visuri
763 4213 826 4277 ima
854 4211 955 4297 pelagi
984 4218 1106 4295 petunt,
1139 4212 1277 4276 nonnulli
1311 4234 1382 4277 vero

292 4323 437 4380 natantes
460 4315 542 4379 inter
566 4314 648 4400 ipsos
668 4315 763 4378 maris
777 4310 890 4376 fluctus
915 4319 1056 4387 uruntur,
1074 4311 1235 4397 nullusque
1256 4311 1306 4376 die
1328 4311 1380 4376 illa

291 4415 400 4493 evasit,
428 4415 480 4500 qui
506 4414 581 4500 fuga
606 4437 671 4480 sese
698 4413 739 4479 ad
768 4421 884 4477 terram
915 4434 975 4476 non
1004 4410 1159 4476 liberavit.
1206 4411 1379 4478 Russornm
