3088 5080
575 469 869 528 PROLEGOMENA·
1186 456 1270 526 Xolll

176 631 257 698 disse
272 633 455 699 exercitum.
506 631 584 698 (lum
599 634 630 698 in
644 631 783 717 captivos
796 631 989 696 saviretura
1003 629 1179 707 Gennauis,
1192 655 1270 718 pree·

176 734 251 798 clari
274 735 419 800 facinoris
435 743 544 799 auctor
566 731 625 798 fuit
648 731 767 797 Caldus
780 731 905 808 celius,
921 730 1100 796 adolescens
1114 739 1270 798 vetustate

177 834 302 899 familiae
324 857 387 900 suae
412 834 631 920 dignissimus:
656 832 719 917 qui,
744 832 924 917 complexus
949 841 1141 909 catenarum,
1158 833 1270 917 quibus

178 935 302 1000 vinctus
324 943 400 1013 erat,
424 935 545 1008 seriem,
568 934 615 998 ita
633 933 702 998 illes
726 932 813 997 illisit
830 931 925 1017 capiti
949 931 1048 1020 [sno]‚
1071 941 1108 998 nt
1129 934 1270 1018 protinus

179 1035 295 1119 pariter
312 1036 472 1121 sanguinis
487 1035 663 1118 cerebrique
681 1029 807 1097 inflavio
823 1032 1007 1118 exspiraret.

222 1135 354 1200 oxxl.
380 1135 502 1200 Eadem
525 1141 557 1199 et
579 1134 679 1198 virtus
701 1141 733 1196 et
758 1134 885 1197 fortuna
906 1132 1104 1218 subsequenti
1130 1140 1270 1218 tempore

181 1231 335 1321 [ingressa
358 1235 512 1322 animum]
538 1233 732 1320 imperatoris
751 1232 868 1297 Tiberii
883 1233 953 1310 fnit,
970 1255 1039 1317 quae
1054 1233 1142 1298 initio
1156 1235 1270 1299 fuerat.

178 1335 247 1417 Qui,
278 1336 415 1402 contusis
442 1336 580 1401 hostium
601 1333 728 1408 viribus,
757 1332 892 1398 classicis
917 1333 1117 1418 peditumque
1143 1335 1270 1419 expedi·

177 1436 326 1514 tionibus,
352 1459 423 1502 cum
440 1459 488 1501 res
503 1435 675 1500 Galliarum
695 1434 839 1498 maximae
862 1433 963 1510 molis,
986 1457 1190 1518 accensasque
1206 1435 1270 1520 ple-

177 1535 225 1602 bis
251 1535 476 1602 Viennensium
499 1535 713 1611 dissensiones,
737 1533 922 1598 coercitione
943 1533 1042 1618 magis
1064 1557 1158 1618 quem
1179 1559 1270 1621 poena

177 1636 346 1712 mollisset;
372 1645 405 1702 et
428 1645 555 1702 senatus
572 1635 763 1722 populusque
789 1634 959 1714 Romanus,
983 1634 1162 1720 postulante
1181 1644 1269 1720 patre

177 1734 252 1821 ejus,
277 1744 312 1801 ut
335 1761 457 1822 aequum
480 1737 507 1800 ei
525 1734 579 1822 jus
601 1738 632 1800 in
655 1735 797 1800 omnibus
823 1735 989 1820 provinciis
1023 1735 1270 1819 exercitibusque

178 1845 260 1901 esset
288 1833 397 1920 [quem
420 1845 487 1902 eret
508 1835 597 1922 ipsi]‚
622 1836 747 1900 decreto
773 1835 953 1920 complexus
981 1843 1072 1900 esset.
1126 1835 1269 1917 (Etenim

178 1936 350 2000 absurdum
368 1945 446 2011 erat,
466 1959 528 2000 non
546 1960 611 2001 esse
631 1937 689 2001 sub
711 1935 774 2014 illo,
797 1959 865 2021 queo
882 1937 924 2001 ab
940 1935 993 2001 illo
1008 1936 1268 2012 vindicabantur;

180 2044 213 2099 et
243 2036 295 2118 qui
327 2035 368 2099 ad
400 2057 490 2120 opem
523 2035 683 2101 ferendam
715 2036 833 2120 primus
864 2045 944 2112 erat,
976 2036 1019 2100 ad
1049 2036 1271 2102 vindicandum

179 2134 328 2199 bonorem
358 2157 420 2198 non
446 2133 590 2220 judicare
620 2137 765 2221 parem):
806 2137 839 2200 in
872 2135 992 2201 Urbem
1013 2159 1173 2215 reversus,
1201 2136 1270 2222 jam

180 2235 301 2321 pridem
317 2235 467 2311 debitum,
483 2235 539 2299 sed
553 2235 787 2299 continuatione
802 2235 955 2301 bellorum
972 2237 1115 2312 dilatum,
1131 2261 1171 2302 ex
1188 2238 1270 2303 Pau·

181 2336 281 2400 noniis
306 2335 522 2420 Delmatisque
544 2337 607 2421 egit
629 2335 833 2419 triumphum.
890 2334 987 2422 Oujus
1008 2336 1272 2422 magnificentiam

181 2437 250 2521 quis
271 2435 402 2500 miretur
427 2437 459 2500 in
483 2435 628 2501 Oaesarel
689 2433 838 2499 Fortunas
863 2457 937 2500 vero
962 2437 1114 2520 quianon
1140 2438 1270 2503 miretur

179 2536 422 2622 indulgentiam?
449 2537 562 2622 quippe
587 2559 695 2600 onmes
721 2534 979 2601 eminentissimos
1001 2536 1139 2602 bostium
1166 2538 1270 2614 duces,

180 2659 242 2701 non
267 2637 384 2702 occisos
409 2637 493 2702 fama
520 2637 670 2712 narravit,
693 2636 749 2701 sed
774 2637 894 2700 vinctos
920 2636 1096 2722 triumphus
1123 2639 1270 2702 ostendit.

181 2738 282 2820 Quem
317 2738 404 2814 mihi,
434 2738 582 2822 fratrique
619 2760 698 2814 meo,
729 2737 813 2800 inter
844 2738 1015 2822 praecipuos
1045 2737 1270 2823 praecipuisque

181 2837 271 2903 donis
285 2837 453 2902 adornatos
467 2838 549 2902 viros
563 2837 704 2902 comitari
719 2837 860 2923 contigit.

226 2937 378 3004 ΟΧΧΙΙ.
406 2937 483 3019 Quis
507 2960 568 3002 non
589 2937 671 3002 inter
697 2937 824 3022 reliqua,
848 2937 959 3022 quibus
980 2937 1143 3023 singularis
1164 2939 1269 3004 mode·

181 3039 345 3104 ratioTib.
361 3037 494 3104 Oaesaris
518 3039 619 3103 elucet
643 3046 736 3122 atque
760 3039 885 3114 eminet,
910 3038 969 3102 hoc
993 3061 1113 3122 quoque
1129 3038 1269 3118 miretur,

181 3140 274 3224 quod,
290 3161 361 3204 cum
387 3139 452 3203 sine
478 3138 542 3203 ulla
559 3139 754 3203 dubitatione
776 3145 896 3223 septem
918 3139 1094 3224 triumphos
1109 3141 1268 3216 memerit,

181 3239 281 3305 tribus
304 3246 470 3303 contentus
495 3239 612 3303 fuerit?
668 3238 757 3320 Quis·
777 3238 858 3302 enim
883 3237 1025 3303 dubitare
1048 3247 1161 3324 potest,
1193 3240 1268 3325 quin

181 3363 221 3404 ex
246 3339 398 3404 Armenia
420 3348 556 3424 recepta,
581 3348 677 3403 etex
701 3361 774 3424 rege
798 3340 826 3402 ei
852 3340 1026 3424 praeposito,
1058 3337 1146 3424 cujus
1173 3342 1269 3426 capiti

181 3440 300 3525 insigne
332 3439 452 3526 regium
484 3461 541 3503 sue
567 3461 663 3503 mann
694 3439 894 3525 imposuerat,
931 3439 1141 3525 ordinatisque
1177 3442 1270 3506 rebus

180 3540 327 3618 Orientis,
345 3563 441 3604 ovans
459 3540 651 3624 triumphare
672 3538 836 3604 debuerit!
858 3547 900 3615 et,
918 3538 1154 3604 Vindelicorum
1177 3540 1270 3604 Rha·-

177 3649 341 3726 torumque
363 3640 472 3716 victor,
498 3663 589 3704 curru
610 3639 719 3704 urbem
737 3639 877 3724 ingredi?
921 3639 1045 3704 Fractis
1070 3639 1270 3725 deindepost

177 3742 376 3827 adoptionem
399 3739 547 3804 continua
566 3740 690 3804 triennii
713 3739 826 3804 militia
843 3739 1018 3804 Germania
1041 3739 1167 3814 viribus,
1185 3739 1269 3806 idem

177 3840 221 3906 illi
245 3843 344 3906 honor
374 3849 405 3905 et
432 3840 616 3905 deferendus
638 3848 671 3905 et
695 3839 890 3926 recipiendus
915 3840 1031 3905 fuerit!
1052 3847 1085 3904 et
1111 3849 1181 3926 post
1207 3841 1268 3906 cla·

178 3940 249 4006 dem
278 3942 336 4007 sub
365 3941 452 4006 Varo
477 3949 647 4026 acceptam,
677 3938 763 4005 ocius
788 3939 994 4026 prosperrimo
1021 3963 1124 4006 rerum
1154 3951 1268 4007 eventu

179 4041 288 4106 eadem
314 4041 418 4106 excisa
445 4040 613 4106 Germania
637 4040 830 4126 triumphurn
859 4041 973 4105 summi
1002 4040 1089 4106 ducis
1117 4040 1269 4106 adornare

179 4141 343 4206 debuerit!
398 4142 459 4206 Sed
486 4143 518 4206 in
548 4143 607 4207 hoc
629 4142 695 4206 viro
725 4142 854 4218 nescias,
883 4149 989 4205 utrum
1014 4143 1114 4228 magis
1135 4141 1267 4217 mireris,

180 4242 262 4324 quod
292 4242 432 4306 laborum
458 4242 724 4327 periculorumque
748 4263 870 4327 semper
892 4241 1025 4308 excessit
1053 4242 1190 4322 modum,
1217 4265 1268 4318 an,

179 4342 262 4425 quod
279 4343 425 4407 honorem
440 4345 636 4428 temperavit.
