3144 5080
282 339 357 410 xliv
556 353 632 407 nnn
655 351 835 408 ansuini
864 353 913 408 or
937 353 1103 410 monus.

278 516 405 582 forcible
427 516 563 581 removal
587 516 624 579 of
644 514 816 598 conquered
841 515 1047 600 populations,
1067 515 1169 580 which
1184 539 1230 581 we
1253 515 1318 583 find
1340 527 1375 583 to

278 619 357 682 have
374 617 453 682 been
470 615 624 701 practised
646 615 689 701 by
704 615 758 679 the
777 615 879 700 Kings
893 613 929 679 of
950 615 1060 680 Parsia
1073 616 1137 680 and
1151 618 1292 704 Assyria,
1310 641 1376 684 was

278 719 343 783 also
371 716 527 803 practised
551 716 595 801 by
618 714 671 781 the
692 715 772 780 later
795 714 919 780 Roman
942 715 1120 802 Emperors.
1165 717 1198 782 It
1221 740 1285 784 was
1309 719 1376 784 also

280 817 435 903 practised
451 817 495 904 by
510 839 594 881 more
609 815 686 880 thau
699 838 757 882 one
772 815 938 880 Germanic
953 839 1122 900 conqueror
1132 818 1304 904 —though
1318 819 1374 884 the

279 924 372 982 exact
396 918 473 982 tima
496 915 588 981 when
611 915 665 980 tha
686 924 804 1002 system
825 917 926 1001 began
950 917 977 982 is
1001 915 1132 982 difficult
1154 926 1188 983 to
1209 920 1374 986 ascertaiu.

279 1018 311 1083 A
327 1027 455 1104 system,
470 1016 624 1095 however,
643 1016 669 1080 it
687 1021 818 1080 was-‘⁴
832 1015 950 1081 Decem
965 1017 1062 1082 millia
1077 1018 1236 1083 hominum
1255 1041 1295 1084 ex
1313 1018 1374 1096 his,

280 1119 332 1202 qui
346 1126 493 1202 utrasque
507 1118 590 1203 ripas
607 1116 701 1182 Albis
722 1113 858 1181 fluminis
880 1116 1066 1192 incolebant,
1083 1140 1154 1182 eum
1176 1119 1326 1184 uxoribus
1339 1128 1374 1184 et

279 1218 416 1304 parvulis
432 1218 572 1283 sublatos
586 1217 759 1292 transtulit,
775 1224 807 1281 et
829 1216 891 1282 huc
908 1225 1002 1301 atqua
1024 1217 1097 1282 illuc
1118 1241 1174 1304 per
1188 1217 1324 1284 Galliam
1338 1227 1373 1284 et

280 1319 480 1384 Germaniam
494 1317 681 1383 multimoda
696 1316 845 1382 divisime
861 1317 1050 1382 distribuit.''

322 1419 403 1486 This
425 1419 454 1484 is
478 1418 598 1483 related
624 1417 668 1504 by
692 1415 856 1504 Eginbard
880 1417 917 1481 of
936 1419 991 1483 the
1016 1425 1107 1504 great
1130 1441 1243 1506 enemy
1261 1419 1299 1483 of
1317 1419 1373 1484 the

281 1519 680 1604 Saxona—(lharlemagne.

322 1621 494 1707 Again-“
507 1619 597 1684 Misit
618 1618 787 1704 imperator
806 1617 1047 1704 (Charlemagna
1071 1618 1152 1705 also)
1177 1641 1280 1684 scaras
1301 1641 1375 1685 suas

276 1723 308 1787 in
326 1718 489 1784 Wimodia
508 1728 540 1784 et
561 1719 594 1783 iu
608 1718 799 1802 Hostingabi
815 1727 847 1783 et
861 1717 894 1782 in
910 1717 1075 1802 Rosogavi,
1092 1727 1129 1784 ut
1146 1719 1232 1784 illam
1245 1727 1372 1806 gentem

278 1822 360 1885 foras
387 1818 521 1905 patriam
545 1818 781 1894 transduceret;
816 1841 873 1883 nec
899 1841 962 1882 non
988 1818 1114 1884 atilios
1142 1820 1293 1897 Saxones,
1318 1821 1372 1904 qui

278 1921 361 1985 ultra
385 1918 512 1984 Albiam
537 1926 636 1994 eraut,
663 1918 843 1983 transduxit
866 1918 959 1998 foras,
981 1928 1014 1983 et
1038 1918 1143 1985 divisit
1170 1943 1223 1985 eos
1247 1920 1279 1984 in
1301 1943 1373 2006 reg-

277 2043 353 2086 num
382 2041 472 2084 suum
498 2019 552 2084 ubi
578 2017 949 2084 voluit.''-(lhrouicon
974 2019 1132 2084 Moissiac.
1158 2020 1200 2084 ad
1219 2043 1269 2084 au.
1295 2023 1371 2084 soa

279 2120 391 2205 (Perta
406 2120 426 2187 i.
442 2123 532 2202 307.)

282 2259 284 2264 ,
323 2221 390 2285 The
399 2218 559 2305 following
570 2219 597 2285 is
609 2241 629 2283 a
639 2219 752 2284 double
764 2218 900 2284 removal
912 2225 997 2283 :—“
1008 2219 1140 2284 AEstate
1155 2219 1187 2284 in
1201 2220 1371 2286 Saxoniam

280 2320 375 2386 ducto
401 2321 549 2398 exercitu,
578 2319 762 2404 omnesqui
793 2328 880 2384 trans
907 2319 1036 2385 Albium
1067 2328 1099 2384 et
1126 2321 1158 2384 in
1184 2321 1370 2386 Wihmuodi

279 2421 465 2487 babitabant
481 2420 621 2486 Saxones
637 2443 707 2486 cum
723 2419 903 2485 mulieribus
925 2428 958 2485 et
975 2419 1147 2484 infantibus
1161 2421 1322 2486 transtulit
1337 2423 1371 2486 iu

279 2521 454 2598 Franciam,
481 2530 513 2586 et
535 2544 631 2607 pagos
653 2520 878 2585 transalbianos
902 2519 1067 2586 Abotridis
1088 2519 1370 2587 dedit.''-Aunal.

279 2621 430 2686 Einhard.
446 2621 488 2686 ad
502 2644 553 2686 an.
569 2625 644 2686 804.
687 2620 798 2701 (Perta
813 2619 835 2683 i.
852 2622 940 2699 191.)

323 2722 501 2808 Lastly—“
515 2720 554 2785 In
570 2720 679 2785 diebus
693 2719 754 2784 illis
768 2728 970 2785 surrexemnt
983 2721 1022 2784 de
1037 2722 1150 2806 populo
1166 2720 1370 2788 Holzotorom

283 2821 417 2908 amplius
429 2843 522 2904 quam
538 2828 693 2885 sexcentae
712 2819 848 2899 familia,
863 2821 1104 2906 transmissoque
1119 2843 1211 2885 amne
1225 2821 1370 2889 abierunt

282 2922 333 2987 via
351 2921 540 3006 longissima,
556 2928 729 3003 quarentes
744 2920 802 2985 sibi
822 2920 911 2986 sedes
928 2930 1127 3007 opportunas,
1142 2921 1198 2986 ubi
1219 2922 1371 2988 fervorem

280 3021 502 3106 persecutionis
526 3020 727 3086 declinarent.
772 3020 997 3106 Veneruntque
1023 3023 1055 3087 in
1078 3031 1190 3088 montes
1210 3022 1367 3103 Hortlcos,

279 3129 312 3185 et
326 3129 506 3186 manserunt
520 3120 574 3197 ibi,
590 3121 648 3205 ipsi
663 3129 695 3185 et
710 3119 764 3186 filii
778 3130 811 3187 et
823 3132 953 3208 nepotes
967 3144 1075 3186 eorum
1088 3145 1185 3207 usque
1201 3122 1234 3187 iu
1248 3123 1372 3188 hodier-

280 3245 355 3286 num
370 3219 635 3286 diem.''-Helm.
651 3221 765 3287 (ihren.
782 3222 867 3288 Slav.
882 3224 903 3287 i.
921 3226 972 3289 26.

323 3322 394 3386 The
413 3319 560 3400 Frisians,
582 3321 699 3398 Dutch,
721 3323 784 3388 aud
805 3323 928 3388 Saxeus
948 3343 1032 3388 seem
1053 3329 1087 3386 to
1110 3322 1189 3388 bave
1215 3323 1293 3388 been
1316 3324 1371 3390 the

281 3423 367 3489 chief
383 3421 529 3488 colonists
543 3422 580 3486 of
596 3421 658 3488 this
680 3422 757 3488 kind
769 3433 846 3486 :-“
860 3423 969 3506 Neque
992 3421 1053 3485 illae
1074 3422 1199 3488 fraudes
1220 3424 1367 3503 locorum,

280 3547 337 3590 nee
353 3571 362 3589 .
380 3571 387 3586 .
403 3522 543 3608 perfugia
560 3522 706 3587 silvarum
722 3523 870 3589 barbaros
890 3529 996 3608 tegere
1011 3530 1188 3606 potuerunt,
1204 3525 1370 3607 quominus

281 3623 391 3690 ditioni
408 3632 472 3688 tuae
496 3621 668 3688 divinitatis
692 3645 798 3688 omues
823 3646 889 3689 sese
912 3622 1025 3686 dedere
1046 3631 1239 3707 cogerentur,
1257 3635 1285 3690 ot
1301 3647 1370 3690 eum

280 3724 430 3811 conjugiis
442 3745 481 3789 oc
498 3721 609 3800 liberis,
625 3733 774 3809 camoque
789 3724 926 3788 onomius
946 3722 1199 3788 mmssltodrnom
1212 3745 1251 3789 oe
1266 3745 1369 3789 rerum

280 3846 408 3890 auorum
424 3825 470 3888 od
493 3823 560 3888 loco
579 3823 653 3888 olim
674 3823 792 3888 dormo
812 3823 991 3900 transirent,
1015 3831 1051 3888 ut
1074 3845 1143 3906 quae
1161 3823 1292 3890 fortasse
1309 3825 1369 3910 ipsi

280 3925 437 4010 qnondam
461 3923 668 4008 depredando
689 3931 899 3998 vastaverant,
918 3922 1002 3987 culto
1014 3923 1173 3988 redderent
1185 3924 1365 3990 serviendo:

280 4032 350 4090 arat
367 4047 440 4109 ergo
461 4045 543 4087 nunc
566 4023 643 4087 mihi
669 4023 841 4089 (itamaros
864 4030 896 4088 et
918 4023 1047 4088 Frisios
1067 4031 1100 4088 et
1119 4023 1172 4088 ille
1195 4046 1302 4109 vagm,
1318 4024 1369 4089 ille

280 4125 436 4211 pradator
454 4123 602 4187 exercitio
624 4123 782 4208 squalidus
796 4129 942 4209 operatur
964 4131 997 4187 et
1018 4122 1194 4208 frequentat
1214 4125 1370 4190 nundinas

280 4249 366 4292 meas
387 4245 502 4318 pecore
524 4223 634 4305 venali,
663 4231 695 4287 et
719 4223 821 4288 cultor
845 4223 995 4289 barbarus
1019 4223 1106 4290 laxat
1130 4225 1368 4292 annonam.”·—

282 4325 429 4392 Eumenii
444 4323 602 4410 Panegyr.
617 4325 649 4388 in
666 4323 801 4388 Maxim.
818 4347 863 4390 cc.
879 4327 910 4401 8,
925 4325 956 4388 9.
