3158 5122
320 444 343 489 x
591 438 668 494 'l'llll
691 438 872 494 sunnam
899 439 947 494 012
971 439 1137 496 TACl'l'US.

363 597 416 662 Ex
437 597 497 662 hac
519 599 615 684 igitur
640 598 772 663 Scanzia
791 599 901 678 insula,
927 599 1014 682 quasi
1039 597 1161 663 officina
1184 599 1337 684 gentium,
1357 611 1419 668 ent

320 705 404 761 certe
430 698 516 764 velut
533 700 645 785 vagina
672 699 844 777 nationum,
873 721 944 764 eum
971 721 1043 784 rege
1073 721 1128 764 suo
1152 699 1278 765 nomine
1297 699 1418 768 Bcrich

318 797 416 862 Gothi
430 798 585 882 quondam
599 807 809 864 memorantur
822 799 953 885 egressi:
977 800 1029 886 qui
1045 807 1081 863 ut
1095 799 1229 884 primum
1245 822 1262 864 e
1276 802 1416 868 navibus

317 905 467 962 exeuntes
489 908 589 964 terras
615 899 756 984 attigere,
778 899 861 964 illico
883 900 950 964 loco
972 921 1085 964 nomen
1109 898 1271 964 dederuut.
1324 900 1414 967 Nam

315 996 407 1062 hodie
429 997 501 1078 illic,
523 1006 560 1064 ut
581 999 688 1074 fertur,
713 999 932 1064 Gothiscanzia
952 1007 1090 1065 vocatur.
1136 998 1231 1065 Unde
1245 1021 1321 1064 mox
1336 1023 1414 1086 pro-

314 1105 475 1164 moventes
489 1098 530 1164 ad
544 1099 632 1165 sedes
648 1097 899 1184 Ulmerngorum,
916 1099 969 1183 qui
990 1108 1065 1165 tunc
1088 1096 1206 1164 Oceani
1226 1101 1311 1184 ripas
1331 1103 1413 1168 iusi·

315 1196 441 1276 debant,
468 1201 681 1265 castrametati
707 1207 789 1278 suut,
812 1222 924 1284 eosque
951 1199 1114 1265 commisso
1144 1199 1251 1284 proelio
1272 1203 1410 1286 propriis

314 1297 438 1363 sedibus
466 1299 671 1386 pepulerunt:
706 1321 871 1384 eorumque
901 1299 1018 1365 ricinos
1043 1298 1218 1364 Wandalos
1234 1297 1305 1386 jam
1328 1309 1408 1366 tunc

313 1395 523 1484 subjugantes,
547 1401 610 1465 suis
631 1399 805 1486 applicuere
830 1399 974 1464 victoriis.
1019 1398 1069 1464 Ibi
1083 1421 1155 1464 vero
1170 1421 1283 1484 magna
1297 1402 1407 1486 populi

313 1500 536 1564 numerositate
559 1507 723 1576 crescente,
740 1499 834 1563 ctiam
858 1521 935 1586 pene
953 1499 1060 1584 quinto
1073 1521 1145 1585 rege
1158 1508 1316 1584 regnante,
1333 1512 1406 1586 post

312 1597 434 1676 Berich,
453 1598 590 1676 Filimer,
610 1597 672 1664 filio
687 1599 843 1677 Godarici,
862 1599 988 1664 oonsilio
1012 1599 1104 1676 sedit,
1131 1607 1166 1664 ut
1189 1599 1302 1664 exinde
1329 1623 1405 1666 cum

311 1696 436 1764 familiis
451 1698 626 1763 Gothorum
639 1707 833 1784 promoveret
846 1699 1010 1766 exercitus.
1042 1700 1103 1782 Qui
1115 1699 1289 1784 aptissimas
1302 1700 1403 1780 sedes,

310 1795 437 1882 locaque
461 1798 535 1863 dnm
564 1807 713 1882 quaereret
740 1821 883 1884 congrua,
911 1801 1050 1885 pervenit
1073 1798 1114 1863 ad
1137 1799 1274 1884 Scythia
1290 1808 1403 1878 terras,

309 1919 377 1980 quae
402 1897 509 1983 lingna
533 1921 638 1963 eorum
664 1899 745 1964 Ouin
770 1900 971 1965 vocabantur.
1016 1898 1082 1964 Ubi
1108 1899 1262 1964 delectato
1286 1922 1403 1986 magna

307 1996 451 2062 ubertate
476 1999 635 2084 regionum
660 2000 809 2077 exercitu,
834 2008 868 2065 et
897 1999 1064 2065 medietate
1093 1999 1291 2084 transposita,
1321 2023 1401 2086 pons

308 2095 431 2177 dicitnr,
447 2098 529 2162 unde
555 2121 678 2164 amnem
701 2097 912 2186 transjecerat,
934 2099 1150 2166 miserabiliter
1163 2099 1322 2179 corruisse,
1341 2123 1401 2166 nec

307 2197 437 2264 ulterius
453 2195 522 2284 jam
547 2200 690 2283 cuiquam
712 2200 800 2265 licuit
816 2201 871 2277 ire,
886 2208 942 2265 aut
959 2201 1069 2265 redire.
1114 2199 1197 2263 Nam
1210 2200 1237 2264 is
1250 2199 1347 2278 locus,
1363 2213 1401 2267 ut

307 2297 415 2375 fertur,
443 2299 583 2365 tremulis
609 2300 774 2385 paludibus
795 2300 940 2386 voragine
962 2297 1161 2386 circumjecta
1182 2299 1397 2366 concluditur:

306 2420 399 2481 quem
415 2408 546 2484 utraque
561 2401 737 2466 confirsione
752 2407 865 2465 natura
878 2400 1016 2465 reddidit
1031 2399 1226 2486 impervium.
1272 2399 1399 2466 Verun-

305 2505 411 2564 tamen
439 2499 590 2585 hodieque
611 2501 674 2566 illic
701 2509 733 2566 et
754 2523 844 2566 voces
868 2507 1078 2565 armentorum
1099 2497 1210 2577 audiri,
1229 2506 1261 2563 et
1279 2499 1399 2567 indicia

305 2598 465 2664 hominum
488 2601 684 2687 deprehendi,
708 2601 949 2666 commeantium
971 2600 1190 2676 adtestatione,
1212 2599 1355 2683 quamvis
1376 2625 1398 2666 a

304 2699 394 2785 longe
412 2700 617 2780 audientium,
633 2701 758 2766 credere
774 2700 857 2765 licet.
903 2699 982 2766 Haec
995 2701 1092 2787 igitur
1113 2721 1185 2786 pars
1206 2700 1395 2778 Gothorum,

303 2821 372 2882 qnae
396 2800 481 2886 apud
504 2800 633 2866 Filimer
655 2800 769 2865 dicitnr
789 2801 821 2864 in
836 2807 934 2865 terras
951 2800 1033 2866 Ouiu
1043 2821 1173 2865 emenso
1187 2821 1278 2864 amne
1293 2809 1397 2867 trans·

303 2899 417 2984 posita,
437 2909 580 2986 optatum
604 2901 704 2989 potita
723 2901 842 2966 solnm:
877 2923 935 2966 nec
959 2923 1064 2965 mora:
1091 2900 1173 2964 illico
1198 2899 1240 2965 ad
1266 2907 1395 2986 gentem

304 2999 469 3083 Spalornm
505 3001 684 3080 adveniunt,
721 3009 920 3085 consertoque
952 3001 1057 3086 proelio
1089 2999 1252 3066 victoriam
1291 2999 1395 3085 adipi·

302 3107 440 3166 scuntur.
484 3101 667 3188 Exindeque
676 3100 744 3189 jam
758 3100 845 3166 velut
862 3102 994 3167 victores
1007 3101 1049 3165 ad
1063 3107 1237 3164 extremam
1252 3099 1395 3186 Scythiae

299 3207 431 3282 partem,
457 3224 524 3286 quse
554 3203 686 3267 Pontico
712 3202 790 3267 mari
813 3201 915 3267 vicina
943 3209 1000 3280 est,
1026 3208 1212 3286 properant:
1241 3201 1395 3284 quemad·

301 3297 428 3364 modum
452 3309 484 3366 et
508 3301 539 3367 in
562 3302 670 3388 priscis
692 3325 797 3367 eorum
820 3301 1007 3368 carminibus
1023 3323 1101 3387 pene
1116 3299 1262 3366 historico
1278 3301 1342 3364 ritu
1357 3301 1393 3366 in

300 3419 463 3466 commuue
485 3403 649 3467 recolitur:
674 3401 756 3486 quod
780 3409 812 3466 et
836 3402 990 3467 Ablavius
1015 3400 1186 3487 descriptor
1212 3399 1392 3466 Gothorum

299 3499 402 3583 gentis
426 3503 566 3587 egregius
581 3503 740 3567 verissima
762 3503 938 3567 adtestatur
954 3502 1092 3567 historia.
1139 3499 1177 3564 Iu
1201 3522 1293 3584 qnam
1318 3523 1390 3565 sen·

297 3599 429 3665 tentiam
455 3610 487 3666 et
511 3600 650 3666 nonnulli
677 3623 855 3667 consensere
881 3598 1044 3687 majorum.
1088 3599 1245 3685 Josephus
1267 3622 1391 3684 quoque

298 3701 457 3766 annalium
479 3703 594 3768 relator
616 3701 801 3779 verissimus,
824 3702 899 3766 dum
924 3701 1039 3786 ubique
1060 3700 1202 3766 veritatis
1224 3710 1389 3766 conservat

297 3800 446 3884 regulam,
463 3810 495 3868 et
520 3803 653 3890 origines
676 3824 837 3867 causarum
858 3824 878 3866 a
898 3801 1049 3888 principio
1062 3799 1204 3878 revolvit,
1220 3799 1285 3864 haeo
1300 3823 1387 3878 vero,

296 3921 363 3982 qnae
379 3901 524 3982 diximus,
543 3903 689 3990 degente
707 3903 880 3968 Gothorum
895 3901 1046 3988 principia
1063 3924 1118 3965 cnr
1136 3901 1282 3979 omiserit,
1298 3901 1387 3986 igno-

294 4021 408 4067 ramus.
454 4005 517 4068 Sed
532 4011 637 4069 tamen
652 4004 692 4070 ab
708 4003 768 4068 hoo
783 4003 851 4068 loeo
867 4025 972 4067 eorum
987 4001 1115 4086 stirpem
1130 4021 1385 4079 commemorans,

294 4098 430 4185 Scythas
451 4126 503 4169 eos
527 4112 559 4170 et
582 4105 708 4169 natione
732 4115 764 4169 et
787 4103 937 4168 vocabulo
953 4101 1063 4167 asserit
1078 4099 1270 4186 appellatos:
1295 4099 1386 4186 cnjus

292 4199 349 4264 soli
366 4203 524 4284 terminos,
539 4213 705 4288 antequam
722 4203 807 4268 aliud
821 4203 863 4268 ad
884 4202 1022 4268 medium
1045 4200 1244 4280 deducamus,
1259 4221 1385 4266 necesse

291 4307 348 4379 est,
364 4303 411 4367 nti
423 4301 561 4390 jaceant,
577 4305 689 4370 dicere.

333 4401 465 4492 Scythia
492 4405 642 4490 siqnidem
671 4404 843 4469 Germania
881 4411 970 4468 terrae
1007 4399 1144 4478 confinis,
1177 4407 1304 4466 eotenus
1326 4400 1383 4468 ubi
