3088 5080
548 447 841 504 rnonuoouunl.
1186 432 1244 500 cxi

150 635 256 680 rusoos
278 619 423 678 orantes:
448 631 521 676 nam
545 609 682 676 discessu
700 610 923 681 Romanorum,
940 630 977 673 ao
1001 607 1092 672 vacui
1115 613 1246 671 externo

150 723 249 792 metu,
268 713 372 800 gentis
398 709 615 786 adsuetudine,
638 717 705 776 tum
733 717 766 774 et
791 708 989 775 :emulatione
1012 706 1129 793 gloria,
1157 727 1246 771 arma

152 815 184 880 iu
208 837 242 880 se
264 819 441 878 verterant:
466 810 513 876 vis
534 810 706 888 nationum,
730 810 829 876 virtus
852 809 966 874 ducum
992 807 1024 873 in
1050 829 1160 892 aequo:
1191 805 1246 870 sed

156 912 387 988 Maroboduum
410 913 492 996 regis
519 933 632 976 nomen
655 911 789 976 invisum
815 909 899 996 apud
925 909 1111 995 populares:
1140 906 1246 972 Armi·

154 1015 241 1079 nium
256 1037 312 1098 pro
327 1013 471 1077 libertate
486 1011 656 1076 bellantem
669 1010 757 1076 lavor
771 1011 918 1076 habebat.

199 1113 310 1179 XLV.
335 1112 437 1198 Igitur
465 1133 527 1176 non
549 1112 642 1178 modo
668 1111 817 1178 Obernsci
846 1111 981 1195 sociique
1006 1130 1123 1186 eorum,
1157 1116 1248 1172 vetus

157 1214 291 1280 Arminii
318 1213 417 1291 miles,
445 1234 603 1298 sumpsere
626 1213 759 1278 bellum:
786 1212 840 1279 sed
862 1234 879 1276 e
905 1233 1000 1298 reguo
1022 1210 1118 1274 etiam
1142 1209 1248 1273 Maro-

157 1315 252 1380 bodui
279 1314 392 1378 Suevae
419 1319 540 1398 gentes,
566 1312 736 1379 Semnones
761 1335 797 1378 ac
819 1311 1029 1398 Langobardi,
1049 1307 1188 1374 defecere
1207 1307 1249 1372 ad

157 1437 246 1480 eum:
271 1415 383 1500 quibus
397 1413 514 1478 additis
534 1412 747 1499 praepollebat,
764 1413 796 1478 ni
821 1411 1036 1499 Inguiomerus
1060 1431 1131 1474 cum
1154 1431 1248 1474 manu

156 1515 316 1580 clientium
330 1512 372 1579 ad
391 1513 623 1578 Maroboduum
639 1513 842 1599 perfugisset:
867 1535 929 1577 non
946 1511 1040 1576 aliam
1057 1511 1097 1576 ob
1113 1531 1247 1587 eausam,

157 1615 347 1699 quamquia
372 1613 477 1678 fratris
503 1611 566 1678 filio
586 1611 706 1700 juveni,
732 1621 863 1699 patruus
888 1635 984 1678 senex
1010 1633 1118 1697 parere
1141 1609 1251 1694 dedig-

157 1716 301 1782 nabatur.
354 1714 542 1800 Diriguntur
566 1715 649 1780 acies
669 1715 737 1801 pari
757 1714 913 1798 utrimque
942 1735 1006 1798 spe,
1033 1734 1090 1776 nec
1112 1717 1148 1775 ut
1176 1709 1251 1777 olim

157 1814 242 1900 apud
268 1815 441 1880 Germanos
455 1815 543 1900 vagis
564 1812 748 1892 incursibus,
765 1823 821 1881 aut
839 1812 985 1900 disjectas
1007 1835 1063 1898 per
1084 1817 1248 1876 catervas:

158 1916 272 2000 quippe
296 1915 389 1998 longa
410 1913 575 1978 adversum
597 1937 654 1980 nos
675 1915 799 1994 militia,
822 1915 1020 1980 insueverant
1042 1911 1129 1996 sequi
1151 1911 1249 1996 signa,

158 2014 303 2080 subsidiis
328 2010 454 2091 firmari,
470 2013 555 2079 dicta
579 2014 801 2100 imperatorum
823 2015 973 2100 accipere.
1017 2013 1065 2078 At
1090 2020 1166 2078 tunc
1184 2013 1249 2077 Ar-

160 2115 275 2179 minius
298 2134 377 2197 equo
401 2112 596 2178 conlustrans
623 2122 745 2192 cuncta,
771 2123 808 2180 ut
831 2137 968 2200 quosque
989 2113 1140 2179 advectus
1163 2122 1248 2178 erat:

162 2222 184 2252 “
201 2213 419 2300 Reciperatam
446 2212 634 2295 libertatem,
661 2213 833 2279 trucidatas
860 2215 1004 2300 legiones,
1021 2213 1119 2300 spolia
1149 2213 1253 2278 adbuc

161 2323 194 2380 et
208 2314 272 2379 tela
287 2313 437 2378 Romanis
451 2312 592 2398 derepta,
610 2313 643 2378 in
667 2313 811 2380 manibus
832 2313 1031 2379 multorum''
1054 2314 1250 2380 ostentabat:

162 2423 272 2481 contra
294 2413 475 2500 “fugacem
493 2412 754 2479 Maroboduum”
776 2415 947 2500 appellans,
964 2420 984 2450 “
1000 2414 1176 2501 proeliorum
1198 2437 1252 2478 ex·

161 2523 291 2602 portem,
321 2513 491 2601 Hercyniae
517 2513 647 2580 latebris
673 2514 843 2593 defensum,
870 2536 907 2579 ac
935 2536 1011 2579 mox
1035 2515 1197 2600 perdone
1221 2521 1254 2578 et

161 2615 333 2702 legationes
370 2615 514 2700 petivisse
552 2613 660 2694 l'oedus,
697 2615 888 2702 proditorem
923 2616 1043 2700 patria,
1086 2614 1254 2679 satellitem

161 2715 302 2792 Oaesaris,
333 2715 418 2781 baud
447 2715 550 2781 minus
583 2714 711 2782 infensis
744 2717 857 2782 animis
889 2713 1130 2792 exturbandum,
1161 2735 1254 2798 quam

163 2818 284 2882 Varum
300 2815 504 2899 Quinctilium
519 2815 751 2884 interfecerint:
774 2816 987 2882 meminissent
1004 2814 1097 2881 modo
1112 2823 1161 2880 tot
1176 2837 1254 2900 proe-

162 2917 284 2994 liorum,
313 2939 444 3001 quorum
472 2923 595 2993 eventu,
618 2924 650 2982 et
677 2917 719 2983 ad
746 2925 938 3003 postremum
957 2914 1065 3002 ejectis
1093 2915 1252 2994 Romanis,

162 3019 238 3082 satis
255 3017 431 3102 probatum,
451 3039 545 3101 penes
560 3024 648 3083 utros
662 3041 785 3083 summa
799 3017 872 3082 belli
886 3017 1010 3083 fuerit.”

209 3116 339 3183 XLVI.
367 3117 475 3200 Neque
499 3117 714 3184 Maroboduus
732 3113 890 3204 jactantia
912 3117 970 3194 sui,
997 3125 1053 3184 aut
1077 3117 1197 3204 probris
1223 3117 1255 3183 in

161 3220 283 3284 bostem
298 3217 493 3282 abstinebat:
519 3217 574 3282 sed
591 3216 824 3304 Inguiomerum
834 3227 952 3298 teneus,
972 3225 992 3254 “
1008 3219 1066 3283 Illo
1081 3219 1112 3284 in
1128 3241 1255 3305 corpore

164 3319 259 3383 decus
278 3341 370 3382 omne
394 3316 629 3394 Cheruscorum,
644 3319 726 3384 illius
738 3319 873 3384 consiliis
895 3327 994 3404 gesta,
1016 3341 1084 3404 quae
1109 3343 1255 3406 prospere

163 3416 362 3496 ceciderint,”
384 3419 578 3483 testabatur:
605 3426 626 3456 “
644 3419 808 3484 vecordem
824 3419 1014 3497 Arminium,
1029 3426 1061 3483 et
1081 3443 1185 3484 rerum
1203 3443 1255 3486 ne·

163 3519 271 3596 scium,
296 3519 430 3585 alienam
456 3517 586 3604 gloriam
612 3519 644 3584 iu
672 3541 705 3584 se
726 3520 861 3598 trabere,
892 3519 1038 3605 quoniam
1060 3527 1125 3585 tres
1142 3543 1257 3586 vacuas

163 3620 300 3707 legiones
322 3629 354 3684 et
368 3620 481 3683 ducem
506 3617 625 3684 fraudis
639 3619 782 3706 ignarum
808 3618 937 3705 perfidia
959 3619 1126 3707 deceperit,
1142 3641 1257 3708 magna
1384 3637 1387 3646 '

163 3745 234 3788 cum
259 3719 347 3786 clade
369 3719 556 3796 Germania,
581 3727 614 3783 et
634 3719 805 3805 ignominia
827 3742 893 3798 sua,
916 3743 988 3786 cum
1011 3719 1158 3807 conjunx,
1185 3743 1256 3785 cum

164 3820 245 3886 lilius
267 3817 343 3906 ejus,
370 3819 531 3886 servitium
554 3818 657 3884 adhuc
676 3821 822 3886 tolerent.
874 3821 921 3885 At
947 3843 979 3886 se
1002 3820 1165 3886 duodecim
1182 3820 1258 3908 legi-

165 3921 276 3986 onibus
295 3922 429 4006 petitum
445 3919 523 3984 duce
544 3918 681 3996 Tiberio,
702 3920 856 3986 illibatam
877 3919 1103 3987 Germanorum
1125 3921 1257 4007 gloriam

166 4022 354 4086 servavisse:
379 4043 455 4084 mox
472 4019 702 4087 conditionibus
723 4020 819 4106 aequis
838 4020 1025 4088 discessum:
1050 4045 1149 4106 neque
1164 4023 1259 4109 poeni-

165 4129 231 4184 tere
253 4122 335 4204 quod
356 4121 493 4206 ipsorum
513 4119 545 4185 in
564 4142 659 4186 manu
682 4122 732 4201 sit,
752 4123 908 4208 integrum
932 4120 1081 4188 adversus
1101 4122 1260 4189 Romanos

165 4219 293 4298 bellum,
304 4244 345 4286 an
357 4244 465 4307 pacem
476 4221 672 4286 incruentam
687 4221 830 4287 malint.”
876 4222 939 4288 His
953 4223 1081 4288 vocibus
1095 4223 1260 4288 instinctos

166 4321 333 4398 exercitus,
359 4321 490 4407 propriae
515 4344 637 4406 quoque
657 4343 757 4388 causoe
786 4321 1008 4389 stimulabant:
1033 4345 1105 4389 oum
1134 4345 1154 4388 a
1180 4322 1260 4388 Obe-

166 4421 263 4488 meeis
287 4421 570 4507 langobardisque,
587 4445 643 4506 pro
667 4423 795 4508 antiquo
816 4423 937 4503 decore,
953 4433 1009 4489 aut
1030 4423 1146 4490 recenti
1169 4424 1256 4488 liber·
