3088 5080
287 381 331 428 Xss
561 369 637 425 'l'llE
660 369 841 425 GERMANY
866 369 913 426 OF
938 369 1104 426 TAGl'l'US.

285 530 480 616 perfugium
504 537 650 616 totusque
676 553 716 595 ex
741 532 822 597 male
846 530 1041 597 dissimulato
1067 530 1181 616 agebat
1212 531 1393 602 amulum

285 633 528 716 exercitumque,
554 654 647 716 quem
678 655 752 696 cxx.
784 632 916 697 millium
951 631 1102 717 peditum,
1133 639 1268 716 quatuor
1297 634 1394 716 equis

285 738 364 808 tum,
395 730 522 810 fecerat,
552 731 685 798 assiduis
716 731 865 798 adversus
896 730 1044 797 finitimos
1073 731 1162 796 bellis
1194 731 1389 807 exercendo,

284 831 404 918 majori,
431 853 524 917 qnam
556 831 641 916 quod
670 832 818 910 habebat,
853 831 938 918 operi
969 831 1176 918 praeparabat.
1239 831 1392 917 Eratque

284 934 380 996 etiam
402 955 438 996 eo
460 932 626 1011 timendus,
650 932 743 1017 quod,
767 955 838 998 cum
861 932 1062 996 Germaniam
1084 931 1126 995 ad
1150 933 1261 998 laevam
1286 939 1321 996 et
1352 933 1389 997 in

283 1033 395 1110 fronte,
412 1032 608 1098 Pannoniam
625 1033 667 1097 ad
682 1032 840 1109 dextram,
862 1055 882 1098 a
902 1041 990 1118 tergo
1005 1031 1126 1098 sedium
1141 1054 1267 1097 suarum
1284 1031 1390 1097 habe·

282 1141 331 1198 ret
354 1133 496 1209 Noricos,
519 1140 681 1218 tamquam
703 1133 736 1197 in
760 1155 868 1199 omnes
889 1155 1011 1218 semper
1033 1140 1191 1213 venturus,
1214 1133 1256 1198 ab
1281 1133 1389 1198 omui-

283 1234 342 1300 bns
358 1233 538 1299 timebatur.
584 1233 651 1298 Nec
665 1255 807 1299 securam
830 1231 1012 1298 incrementi
1036 1229 1084 1298 sui
1109 1232 1290 1318 patiebatur
1312 1255 1389 1299 esse

283 1333 427 1400 Italiam:
467 1331 582 1419 quippe
613 1357 684 1398 cum
713 1356 733 1399 a
761 1331 891 1400 summis
907 1334 1037 1418 Alpium
1061 1329 1158 1419 jugis,
1187 1355 1255 1418 quae
1281 1333 1386 1399 finem

283 1434 383 1500 Italiae
408 1434 588 1514 terminant,
614 1435 738 1498 initium
765 1431 832 1521 ejus
858 1431 966 1498 finium
994 1433 1079 1498 haud
1104 1432 1205 1498 multo
1234 1433 1305 1517 plus
1334 1458 1383 1498 oo.

280 1535 418 1600 millibus
450 1557 597 1621 passuum
627 1534 760 1600 abesset.
825 1532 921 1599 Hunc
940 1532 1042 1598 virum
1064 1539 1096 1597 et
1115 1531 1196 1598 hauc
1218 1534 1386 1619 regionem

279 1636 424 1722 proximo
438 1656 520 1700 auno
536 1634 665 1699 diversis
685 1657 703 1698 e
723 1633 865 1719 partibus
887 1633 958 1700 Tib.
981 1633 1085 1699 Gaesar
1108 1634 1236 1719 aggredi
1251 1635 1384 1700 statuit.

281 1736 389 1802 Sentio
404 1734 572 1800 Saturnino
591 1734 785 1814 mandatum,
807 1741 844 1800 ut
864 1757 918 1820 per
939 1733 1059 1812 Oattos,
1075 1733 1188 1799 excisis
1213 1735 1385 1800 continen-

280 1837 365 1901 tibus
383 1833 551 1920 Hercynia
566 1834 661 1912 silvis,
680 1833 817 1919 legiones
838 1833 1053 1899 Boiohoemum
1073 1833 1120 1916 (id
1135 1831 1262 1920 regioni,
1280 1857 1382 1919 quam

281 1935 437 2001 incolebat
454 1933 678 2013 Maroboduus,
692 1955 806 2000 nomen
822 1934 886 2017 est)
906 1934 1058 2009 duceret;
1082 1934 1147 2020 ipse
1164 1957 1184 1998 a
1201 1933 1383 2014 Carnunto,

280 2036 333 2121 qui
346 2037 434 2100 locus
452 2033 558 2099 Norici
580 2033 665 2119 regni
686 2033 847 2119 proximus
865 2035 905 2100 ab
920 2035 979 2099 hac
993 2045 1082 2120 parte
1097 2041 1174 2112 erat,
1190 2035 1383 2114 exercitum,

280 2137 333 2222 qui
347 2137 380 2201 in
397 2131 523 2222 Illyrico
537 2136 687 2213 merebat,
704 2133 817 2200 ducere
831 2135 864 2199 iu
881 2135 1123 2200 Marcomannos
1137 2157 1226 2200 orsus
1240 2143 1298 2200 est.

685 2329 773 2373 VELL.
788 2331 913 2372 aarum.
932 2330 966 2376 11·

321 2429 471 2498 cxvll.
494 2432 633 2498 Tantum
654 2433 739 2518 quod
765 2431 908 2496 ultimam
925 2432 1116 2518 imposuerat
1133 2432 1315 2498 Pannonico
1336 2457 1381 2500 ac

280 2533 456 2600 Delmatico
485 2533 566 2600 bello
600 2532 704 2599 Oaasar
732 2555 871 2610 manum,
902 2554 983 2610 cum,
1017 2533 1099 2598 iutra
1133 2533 1268 2618 quinque
1300 2556 1381 2600 con-

278 2633 425 2701 summati
454 2635 536 2700 tanti
560 2635 662 2718 operis
687 2631 763 2710 dies,
795 2633 925 2698 funestae
953 2655 994 2698 ex
1027 2634 1197 2699 Germania
1225 2633 1380 2720 epistolae,

278 2736 348 2801 caesi
362 2734 450 2813 Vari,
464 2733 751 2816 turcidatarumque
762 2732 919 2818 legionum
930 2734 1026 2798 trium
1039 2733 1233 2819 totidemque
1243 2735 1380 2815 alarum,

279 2847 311 2900 et
337 2857 393 2901 sex
423 2833 614 2900 cohortium:
639 2832 780 2897 velutin
803 2833 862 2897 boc
887 2833 999 2898 saltem
1026 2834 1246 2900 tantummodo
1271 2835 1380 2900 indul-

278 2943 373 3021 gente
389 2933 479 2999 nobis
497 2933 650 3009 Fortuna,
674 2955 713 2997 ue
734 2941 887 3018 occupato
910 2932 998 2998 duce.
1051 2933 1115 2999 Sed
1132 2957 1228 3000 causa
1249 2942 1281 3000 et
1303 2958 1382 3021 per-

278 3057 355 3100 sona
376 3055 497 3098 moram
522 3033 631 3118 exigit.
685 3032 791 3099 Varus
812 3032 1009 3116 Quinctilius,
1028 3034 1124 3100 nobili
1145 3035 1253 3121 magis,
1280 3057 1380 3120 quam

278 3134 391 3200 illustri
413 3142 501 3200 ortus
523 3132 653 3209 familia,
680 3135 729 3198 vir
752 3133 876 3219 iugenio
899 3133 994 3212 mitis,
1017 3133 1155 3200 moribus
1179 3135 1311 3219 quietus,
1335 3144 1378 3202 ut

279 3257 418 3319 corpore,
440 3234 488 3300 ita
509 3234 615 3299 animo
641 3232 839 3310 immobilior,
862 3233 926 3299 otio
947 3235 1048 3320 magis
1071 3243 1253 3314 castrorum,
1280 3258 1380 3320 quam

277 3335 396 3400 bellicae
417 3342 560 3401 assuetus
581 3333 720 3398 militia:
745 3333 883 3420 pecuniae
904 3357 978 3399 vero
998 3357 1091 3420 qnam
1110 3357 1172 3400 uon
1189 3344 1380 3414 contemtor,

279 3435 382 3522 Syria,
401 3436 450 3500 cui
465 3435 640 3521 praefuerat,
656 3435 848 3510 declararitr
873 3457 967 3519 quam
981 3457 1100 3521 pauper
1114 3435 1244 3501 divitem
1256 3436 1381 3522 ingres-

278 3558 341 3613 sus,
366 3535 453 3601 dirce
475 3557 643 3622 pauperem
667 3534 801 3621 reliquit.
853 3534 887 3600 Is
908 3557 980 3600 cum
997 3535 1158 3614 exercitui,
1181 3537 1234 3621 qui
1257 3543 1324 3602 erat
1341 3537 1379 3602 in

278 3635 459 3714 Germania,
473 3643 627 3722 praeesset,
645 3635 787 3722 concepit
798 3658 865 3703 esse
874 3634 1028 3712 homiues,
1043 3635 1095 3720 qui
1108 3636 1186 3701 nibil
1198 3644 1311 3723 praeter
1320 3659 1378 3701 vo-

277 3759 346 3802 cem
357 3738 556 3822 membraque
567 3736 718 3802 babereut
728 3737 889 3801 hominum
902 3761 911 3811 3
929 3735 1042 3820 quique
1050 3735 1163 3823 gladiis
1176 3737 1297 3802 domari
1310 3759 1377 3802 uon

278 3843 434 3923 poterant,
453 3859 543 3924 posse
563 3835 636 3924 jure
655 3837 795 3903 mulceri.
843 3837 913 3919 Quo
930 3836 1088 3922 proposito
1104 3836 1241 3902 mediam
1257 3837 1376 3922 ingres-

278 3959 330 4004 sus
341 3936 552 4015 Germaniam,
566 3939 653 4002 velut
664 3937 747 4002 iuter
757 3938 840 4003 viros
850 3937 937 4023 pacis
949 3937 1123 4023 gaudentes
1138 3937 1310 4016 dulcedine,
1321 3935 1376 4023 ju·

278 4036 517 4118 risdictionibus,
528 4037 709 4124 agendoque
720 4060 777 4123 pro
788 4037 936 4102 tribunali
952 4037 1072 4114 ordine,
1091 4037 1237 4104 trahebat
1253 4037 1374 4103 aestira.

322 4137 492 4203 CXVIII.
516 4137 563 4202 At
580 4138 635 4216 illi,
651 4137 810 4222 quodnisi
826 4145 975 4224 expertus
991 4137 1044 4203 vix
1061 4137 1179 4218 credat,
1194 4139 1228 4204 in
1249 4159 1374 4204 summa

277 4239 402 4304 feritate
427 4237 641 4316 versutissimi,
667 4247 837 4323 natumque
866 4237 1029 4304 mendacio
1055 4261 1163 4325 genus,
1191 4237 1376 4304 simulantes

277 4338 366 4408 lictae
395 4339 499 4406 litium
522 4337 624 4418 series,
648 4346 679 4404 et
702 4361 785 4405 nuuc
806 4347 1011 4425 provocantes
1031 4340 1111 4406 alter
1131 4340 1265 4406 alterum
1292 4336 1377 4424 iuju-
