3226 5088
524 448 624 503 nora
650 450 701 504 ou
729 449 886 504 sacrrou
913 450 992 505 rur.
1265 434 1311 503 63

216 604 342 676 domirs
371 627 452 698 pars
476 605 651 687 videntur,
681 627 766 675 mox
797 604 1011 697 reipublicae.
1064 602 1218 696 Insignis
1249 627 1312 672 no-

217 721 346 805 bilitas,
378 731 439 792 aut
467 745 595 815 magna
622 731 764 815 patrum
792 723 930 802 merita,
963 721 1132 814 principis
1160 721 1312 812 dignati-

217 856 322 903 onem
341 833 450 905 etiam
466 833 740 906 adolescentulis
766 835 965 928 adsignant.
1016 832 1314 919 Ceterir‘robusti-
1345 843 1365 897 ς

218 932 336 1020 oribus
360 974 401 1020 ac
421 950 634 1043 jampridem
661 950 818 1043 probatis
835 959 1093 1043 aggregantur:
1123 971 1189 1019 nec
1207 950 1314 1018 rubor

217 1065 312 1135 inter
328 1070 477 1137 comites
493 1068 615 1160 aspici.
669 1067 811 1138 Gradus
829 1068 1027 1159 quinetiam
1053 1075 1091 1136 ct
1112 1068 1187 1158 ipsa
1205 1067 1315 1136 comi-

219 1190 314 1253 tatus
338 1183 457 1268 habet,
469 1184 609 1275 judicio
635 1186 721 1278 ejus,
747 1208 856 1278 quem
882 1193 1084 1255 sectantur:
1115 1206 1314 1278 magnaque

219 1308 256 1369 et
282 1301 453 1371 comitum
478 1302 668 1384 aemulatio,
689 1303 817 1395 quibus
839 1303 974 1395 primus
1000 1300 1094 1393 apud
1115 1301 1312 1393 principem

218 1434 320 1486 suum
351 1415 467 1504 locus3
498 1425 536 1488 et
569 1419 780 1512 principum,
809 1420 867 1489 cui
899 1417 1043 1510 plurimi
1077 1431 1115 1486 et
1149 1419 1312 1487 acerrimi

219 1534 391 1604 comites.l
452 1532 542 1604 Haec
577 1536 740 1628 dignitas,
775 1536 829 1606 hae
864 1537 966 1617 vires,
1002 1557 1133 1627 magno
1174 1555 1314 1626 semper

218 1649 415 1720 electorum
440 1651 616 1742 juvenum
640 1652 748 1745 globo
771 1652 994 1734 circumdari,
1019 1653 1056 1721 in
1084 1674 1172 1743 pace
1196 1652 1312 1734 decus,

218 1767 255 1835 in
273 1766 369 1836 bello
387 1768 598 1860 praesidium.
648 1768 729 1839 Nec
755 1768 870 1840 schim
896 1770 934 1838 in
957 1767 1020 1839 susi
1043 1776 1152 1862 gente
1175 1768 1313 1860 cuique,

220 1881 282 1951 sed
300 1883 392 1975 apud
411 1884 579 1954 finitimas
596 1908 737 1977 quoque
750 1887 915 1956 civitates
933 1886 968 1956 id
987 1907 1129 1967 nomen,
1143 1907 1185 1954 ea
1202 1884 1314 1978 gloria

220 2009 284 2080 est,
313 2000 341 2069 si
369 2021 516 2070 numcro
543 2024 583 2070 ac
611 2003 744 2072 virtute
773 2005 963 2073 comitatus
992 2003 1170 2074 emineat:
1205 2025 1315 2094 expe-

207 2111 346 2184 tuntur
373 2115 469 2184 enim
500 2114 746 2208 legationibus,
771 2126 808 2188 et
836 2118 1043 2188 muneribus
1072 2127 1251 2202 ornantur,
1276 2129 1313 2189 et

221 2229 297 2323 ipssi
314 2231 522 2324 plerumque
540 2230 636 2302 iamai
653 2233 748 2303 bella
765 2233 963 2326 profligant.

589 2503 661 2544 Nori!
682 2503 719 2544 ON
739 2503 853 2544 asemon
876 2503 941 2543 x111.

261 2655 724 2740 ²0anisasn-Oomios.]-dhe
739 2659 862 2717 German
877 2659 910 2716 ol
924 2657 982 2716 this
996 2656 1165 2714 translation
1182 2677 1236 2714 was
1250 2678 1315 2735 pro-

221 2755 308 2832 bably
322 2775 398 2814 some
416 2756 495 2815 older
513 2756 586 2814 lorm
601 2756 633 2814 of
648 2755 697 2814 the
711 2753 918 2834 Anglo-Saxon
930 2755 1014 2831 pesid,
1029 2753 1132 2832 plural,
1143 2755 1310 2830 yesi-dos:

221 2857 364 2912 reditura.

663 3081 876 3092 ---.--....

272 3302 380 3376 XIV.
406 3303 499 3374 Cum
518 3310 663 3372 ventum
683 3303 719 3371 in
737 3305 863 3383 aciem,
884 3310 986 3393 turpe
1012 3305 1161 3397 principi
1181 3305 1314 3375 virtute

223 3421 340 3504 vinci;
367 3430 470 3514 turpe
496 3419 693 3514 comitqtui,
724 3421 894 3488 virtutem
926 3420 1095 3512 principis
1123 3443 1194 3491 non
1225 3422 1316 3492 31113-

223 3561 341 3630 quare.
392 3536 475 3607 Jam
494 3533 578 3611 verb
600 3536 732 3605 infame
756 3537 793 3604 in
817 3558 960 3605 omnem
977 3536 1087 3606 vitam
1108 3560 1148 3606 ac
1171 3540 1317 3629 probro-

222 3678 311 3738 sum,
323 3655 551 3747 superstitem
564 3653 714 3745 principi
731 3673 794 3722 suo
813 3675 858 3721 ex
876 3655 952 3722 acie
966 3654 1158 3723 recessisse.
1205 3653 1314 3726 Illum

223 3770 425 3855 defendere,
451 3771 555 3848 tueri,
579 3791 642 3839 sua
671 3790 811 3859 quoque
835 3769 940 3838 fortia
965 3769 1060 3838 facta
1088 3769 1208 3862 gloriae
1239 3773 1315 3863 ejus

221 3888 413 3981 adsignare,
447 3887 664 3980 praecipuum
704 3894 965 3954 sacramentum
1001 3893 1065 3956 est.
1132 3887 1314 3981 Principes

222 4027 286 4097 pro
298 4003 447 4074 victorici
459 4011 640 4097 pugnant:
666 4002 815 4071 comites
833 4023 896 4094 pro
913 4003 1082 4095 principe.
1119 4001 1157 4074 Si
1176 4005 1311 4076 civitas¹

221 4123 259 4191 in
277 4117 348 4213 quai
363 4123 429 4190 orti
448 4129 543 4202 sunt,
561 4117 668 4212 longai
688 4141 775 4212 pace
798 4129 836 4188 et
863 4119 937 4188 otio
958 4128 1119 4212 torpeat:
1152 4121 1313 4215 plerique

221 4237 397 4308 nobilium
414 4237 692 4308 adolescentium
709 4245 838 4328 petunt
856 4234 950 4304 ultro
968 4259 1026 4307 eas
1043 4239 1215 4322 nationes,
1235 4263 1312 4331 quac

221 4339 464 4426 tum’bellum
494 4353 636 4446 aliquod
670 4363 821 4447 gerunt3
853 4355 936 4444 quia
970 4363 1008 4424 et
1041 4357 1180 4448 ingrata
1211 4357 1311 4450 genti
