3226 5088
518 431 618 488 NO'l'E
644 431 696 486 ΟΝ
723 427 882 485 SEC'IION
908 427 1000 482 xv11.
1252 417 1300 487 67

252 584 312 646 The
334 585 424 646 oldest
443 584 644 646 exhumations
661 585 734 645 here
751 587 899 663 presented
917 585 1024 662 abody
1038 586 1169 664 wrappad
1183 587 1214 645 in
1227 587 1301 657 skin,

211 681 243 740 in
257 702 275 742 a
287 683 365 755 rude,
380 682 591 761 coffin-shaped,
605 681 803 761 roughbewed
822 691 889 742 tres.
930 683 991 742 The
1010 683 1093 756 dress,
1107 702 1138 741 ss
1157 683 1302 742 described

211 779 243 837 in
258 779 307 839 the
319 787 433 859 present
446 800 569 859 passage,
583 781 699 839 consiste
713 780 745 838 of
763 781 864 851 tide„
884 781 955 839 both
974 801 1004 839 aa
1026 780 1135 840 leather
1153 780 1210 839 and
1233 781 1300 840 fuis

213 876 270 964 For
292 878 342 939 the
365 879 458 952 latter,
483 878 671 938 Scandinnria
694 898 749 937 was
772 879 879 938 famous
903 878 935 937 in
958 878 1007 937 the
1031 877 1149 937 serenth
1173 887 1302 956 century.

210 975 305 1035 “Alia
318 995 383 1035 vero
402 995 470 1054 gens
489 976 531 1035 ibi
551 983 678 1035 moratur
698 975 847 1048 suethans,
868 995 931 1054 qus
951 976 1030 1036 velut
1050 976 1201 1054 Thuringi,
1222 976 1301 1053 cquis

212 1079 337 1132 utuntur
357 1074 478 1134 eximiis.
521 1073 562 1132 Hi
581 1093 694 1151 quoque
712 1079 788 1145 sunt,
802 1074 853 1150 qui
867 1074 898 1131 in
912 1093 978 1133 usus
993 1073 1185 1132 &manorum
1200 1073 1302 1151 Saphi·

211 1170 289 1230 rinas
311 1172 397 1249 pelles
420 1171 587 1231 commercio
611 1171 817 1230 interveniente
843 1191 894 1249 per
920 1172 991 1231 alias
1015 1171 1179 1230 innumeras
1205 1184 1302 1248 gentes

212 1269 422 1342 transmittunt,
442 1269 541 1328 famosi
564 1268 685 1348 pellium
709 1269 808 1328 decora
825 1269 987 1347 nigredine.
1027 1268 1069 1327 Hi
1093 1289 1182 1346 quum
1205 1269 1303 1347 inopes

212 1365 324 1438 vivunt,
337 1367 476 1426 ditissime
489 1365 854 1426 vestiuntur.”-Jornand.
877 1366 921 1425 De
935 1365 1004 1425 Rob.
1027 1365 1090 1426 Get
1106 1387 1129 1424 c.
1146 1367 1173 1424 3.

252 1462 313 1522 rue
330 1464 399 1542 long
417 1465 532 1543 flowing
549 1465 655 1524 dresses
668 1465 700 1523 of
719 1466 768 1524 the
782 1465 956 1526 Sarmatiam
969 1484 1041 1524 were
1053 1463 1156 1540 chiefly
1169 1464 1251 1524 made
1266 1465 1304 1541 by

213 1559 261 1620 the
283 1581 392 1640 process
411 1563 443 1621 of
454 1563 567 1638 salciep,
581 1563 660 1622 those
674 1563 707 1622 of
724 1561 773 1622 the
795 1562 954 1635 Parthians,
972 1562 1011 1639 by
1025 1561 1089 1621 that
1110 1561 1142 1620 of
1158 1562 1303 1638 mensim,-

212 1660 280 1716 sooot
293 1659 379 1738 being
391 1659 440 1720 the
453 1659 531 1719 chief
540 1661 671 1720 material
684 1660 716 1719 of
726 1659 774 1719 the
786 1660 899 1733 former,
910 1661 986 1734 wool,
996 1668 1092 1730 wasa,
1103 1659 1159 1718 and
1173 1679 1242 1718 even
1252 1659 1305 1718 silk

212 1755 246 1814 of
257 1754 411 1816 thelatter.

268 2265 419 2341 XVIII.
452 2271 676 2364 Quamquam
698 2293 821 2341 severa
844 2270 918 2340 illio
940 2269 1207 2340 matrimonia:¹
1238 2292 1305 2340 nec

215 2385 325 2456 ullam
354 2411 491 2459 morum
519 2400 655 2482 partem
683 2389 794 2482 magis
819 2387 1035 2458 laudaveris:
1076 2409 1159 2455 narn
1195 2385 1303 2479 prope

217 2504 281 2574 soli
307 2505 535 2576 barbarorum
557 2505 704 2600 singulis
730 2505 899 2575 uxoribus
927 2503 1087 2574 contenti
1111 2512 1215 2573 sunt:
1246 2526 1307 2572 ex·

216 2623 330 2715 ceptis
345 2622 536 2692 admodum
560 2623 691 2716 paucis,
715 2623 869 2714 quinon
893 2620 1049 2701 libidine,
1073 2619 1135 2690 sed
1152 2619 1197 2688 ob
1211 2620 1307 2690 nobi·

217 2736 356 2809 litatem
374 2739 534 2831 plurimis
551 2739 685 2832 nuptiis
704 2739 920 2809 ambiuntur.
973 2736 1106 2808 Dotem
1125 2758 1197 2806 uon
1215 2759 1306 2806 uxor

216 2857 354 2938 marito,
378 2857 439 2926 sed
462 2857 564 2928 uxori
588 2857 735 2928 maritus
760 2853 875 2926 offert.
927 2854 1112 2925 Intersunt
1139 2865 1304 2946 parentes

216 2981 255 3043 et
272 2973 469 3066 propinqui,
485 2997 527 3044 aa
545 2996 693 3044 munera
709 2973 880 3067 probant:
904 2994 1054 3042 munera
1070 2993 1141 3041 nou
1154 2970 1199 3042 ad
1218 2971 1306 3041 deli-

215 3091 287 3160 cias
303 3089 492 3160 muliebres
505 3091 660 3183 quesita,
674 3113 740 3159 neo
753 3089 882 3182 quibus
895 3111 988 3159 nova
1000 3098 1112 3180 nupta
1129 3096 1304 3172 comatum

214 3207 275 3276 sed
295 3205 403 3276 boves
424 3216 462 3277 et
484 3207 661 3278 frenatum
679 3228 820 3298 equum,
847 3215 885 3276 et
910 3214 1050 3277 scutum
1072 3225 1154 3274 cum
1172 3202 1306 3275 frameis

216 3320 414 3414 gladioque.
483 3322 527 3392 In
561 3324 635 3393 haeo
662 3345 810 3394 munera
843 3345 934 3392 uxor
965 3324 1157 3417 accipitur:
1196 3336 1304 3418 atque

216 3438 367 3508 invicem
389 3439 465 3531 ipsa
489 3463 666 3510 armorum
692 3438 825 3531 aliquid
850 3439 926 3508 viro
953 3439 1073 3511 affert:
1101 3442 1169 3512 hoc
1192 3443 1303 3512 maxi·

215 3576 314 3624 mum
333 3555 523 3639 vinculum,
541 3555 616 3626 haec
639 3577 766 3626 arcana
780 3575 886 3637 sacra,
909 3554 973 3625 hos
995 3557 1197 3650 conjugales
1219 3558 1304 3629 deos

214 3672 441 3744 arbitrantur.
506 3671 566 3742 Ne
594 3695 632 3743 se
658 3672 787 3742 mulier
816 3682 918 3742 extra
944 3674 1117 3743 virtutum
1141 3676 1305 3770 cogitati-

216 3810 309 3870 ones,
334 3799 506 3881 extraque
533 3789 707 3860 bellorum
733 3811 832 3858 casus
859 3797 973 3881 putet,
995 3791 1078 3882 ipsis
1102 3791 1304 3883 incipientis

215 3906 431 3976 matrimonii
466 3906 629 4000 auspiciis
659 3905 882 3987 admonetur,
918 3906 1039 3976 venire
1070 3929 1109 3977 se
1143 3905 1303 3978 laborum

214 4021 524 4115 periculorumque
552 4024 694 4103 sociam,
714 4022 809 4092 idem
834 4023 870 4091 in
888 4045 985 4115 pace,
1007 4023 1103 4093 idem
1123 4026 1159 4093 in
1178 4025 1304 4117 proelio

214 4161 392 4231 passuram
420 4160 672 4229 ausuramque;
701 4138 768 4208 hoc
784 4139 903 4230 juncti
925 4139 1041 4221 boves,
1067 4139 1135 4210 hoc
1160 4154 1303 4234 paratus

212 4279 334 4349 equus,
358 4255 426 4325 hoo
450 4254 533 4325 data
554 4278 652 4326 arma
676 4255 900 4325 denuntiant.
954 4255 1014 4326 Sic
1033 4257 1234 4341 vivendum,
1252 4261 1303 4328 sic

212 4373 456 4466 pereundum:
500 4373 658 4464 accipere
699 4395 738 4442 se
778 4395 855 4464 quae
898 4372 1016 4444 liberis
1050 4373 1220 4444 inviolata
1260 4397 1303 4444 ac

1086 4488 1142 4544 rr
