3158 5122
322 421 396 490 xxii
597 431 674 487 THE
696 427 878 484 GERMANY
903 428 953 484 01²
978 429 1142 486 TACITUS.

321 596 381 660 boc
403 593 625 658 ferocissimum
648 591 792 664 edidere;
825 591 909 676 quod
936 591 996 657 fuit
1018 593 1152 677 primum
1178 591 1261 658 iuter
1286 577 1421 678 palrides

326 694 493 760 Maeotidas
522 693 688 768 minutum,
712 699 840 768 tetrum,
863 699 957 775 atque
987 693 1077 776 exile,
1101 691 1187 776 quasi
1209 693 1419 758 inhumanum

322 817 429 880 genus,
445 817 501 858 nec
515 793 577 858 alia
592 815 667 856 voce
682 799 801 869 notum,
819 793 878 857 nisi
904 791 987 876 quod
1012 792 1140 858 humani
1162 793 1313 858 sermonis
1338 793 1419 857 iura-

322 895 426 980 giucm
444 892 633 980 assignabat.
685 891 754 956 Tali
769 913 842 976 ergo
860 891 971 956 Hunni
986 893 1081 978 stirpe
1107 893 1213 969 creati,
1238 892 1418 958 Gothorum

324 993 436 1060 linibus
457 995 622 1059 advenere.
666 993 805 1075 Quorum
827 992 914 1056 natic
939 1014 1032 1069 seva,
1058 998 1095 1058 ut
1117 994 1235 1077 priscus
1248 992 1419 1058 historicus

322 1095 428 1170 refert,
443 1095 475 1161 iu
493 1092 643 1159 Maeotide
658 1092 771 1178 palude
786 1091 962 1157 ulteriorem
979 1092 1077 1178 ripam
1092 1092 1224 1158 insedit:
1249 1093 1419 1158 venatione

323 1204 458 1272 tantum,
473 1217 530 1260 nec
543 1194 604 1258 alio
621 1193 726 1259 labore
744 1201 884 1278 experta,
901 1192 959 1258 uisi
977 1193 1060 1277 quod
1081 1201 1245 1278 postquam
1267 1195 1420 1258 crevisset

323 1296 354 1360 iu
373 1296 511 1381 populos,
536 1293 697 1358 fraudibus
721 1300 754 1357 et
777 1292 893 1378 rapinis
907 1293 1040 1358 vicinam
1065 1301 1189 1378 gentem
1205 1293 1418 1359 conturbavit.

323 1395 430 1483 Hujus
442 1419 515 1482 ergo
533 1395 583 1477 (ut
597 1393 747 1476 assolent)
763 1403 935 1471 venatores,
952 1392 1027 1457 dum
1044 1393 1075 1457 in
1093 1393 1231 1458 ulteriori
1254 1393 1420 1459 Meotidis

320 1497 389 1581 ripa
403 1497 584 1562 venationes
608 1494 778 1577 inquirunt,
806 1493 1058 1558 animadvertunt
1075 1493 1229 1577 quomodo
1243 1516 1282 1558 ex
1297 1494 1420 1578 impro-

321 1597 387 1662 viso
411 1617 503 1660 cerva
528 1616 561 1659 se
585 1593 646 1658 illis
670 1593 794 1670 obtulit,
817 1593 1013 1679 ingressaque
1035 1594 1148 1678 palude
1175 1615 1257 1658 nunc
1288 1617 1418 1679 progre-

321 1696 418 1770 diens,
441 1717 524 1760 nunc
549 1693 728 1768 subsistens,
751 1692 885 1758 indicem
907 1716 939 1758 se
957 1693 1014 1758 viae
1030 1693 1151 1760 tribuit.
1197 1694 1299 1776 Quam
1313 1695 1417 1758 secuti

320 1804 494 1869 venatores,
521 1793 666 1879 paludem
694 1793 887 1870 Meotidem,
903 1816 996 1877 quam
1020 1795 1203 1879 imperviam
1225 1803 1261 1859 ut
1285 1794 1418 1879 pelagus

320 1894 551 1968 existimabant,
579 1893 709 1978 pedibus
733 1894 892 1959 transiere.
944 1895 1025 1958 Mox
1052 1917 1172 1978 qnoque
1199 1903 1236 1958 ut
1262 1893 1418 1980 Scythica
1481 1919 1485 1930 ·

320 2005 404 2060 terra
427 1995 541 2080 ignotis
564 1992 719 2079 apparuit,
737 2016 829 2058 cerva
853 1993 1016 2079 disparuit.
1063 1995 1156 2078 Quod
1176 1994 1268 2059 credo
1286 1994 1417 2080 spiritus

320 2095 376 2171 illi,
391 2095 475 2159 unde
497 2094 675 2180 progeniem
701 2095 841 2172 trahunt,
865 2095 907 2158 ad
932 2092 1121 2180 Scytharum
1146 2095 1296 2161 invidiam
1311 2117 1416 2180 egere.

321 2195 373 2260 llli
388 2217 470 2272 voro,
487 2194 540 2279 qui
554 2202 667 2280 praeter
683 2193 865 2259 Maeotidem
888 2194 1033 2280 paludem
1055 2195 1151 2260 elium
1172 2195 1322 2260 mundum
1345 2217 1416 2260 esse

318 2295 443 2381 penitus
465 2294 659 2380 ignorabant,
683 2293 890 2360 admiratione
914 2294 1034 2360 inducti
1054 2303 1144 2360 terra
1160 2295 1309 2381 Scythia,
1328 2303 1362 2360 et
1375 2304 1417 2359 ut

319 2405 391 2462 suut
414 2396 550 2472 solertes,
567 2395 628 2459 iter
649 2394 725 2459 illud
749 2393 826 2458 nulli
848 2402 921 2458 ente
945 2396 1027 2460 hane
1054 2403 1179 2460 atatem
1204 2394 1415 2473 notissimum,

318 2496 467 2562 divinitus
505 2495 563 2560 sibi
598 2501 757 2559 ostensum
781 2495 855 2569 rati,
882 2493 923 2558 ad
946 2517 1018 2560 suos
1044 2495 1185 2572 redeunt,
1215 2495 1260 2561 rei
1286 2503 1413 2581 gestum

318 2597 454 2674 edicunt,
478 2595 643 2682 Scythiam
666 2593 807 2672 laudant,
823 2616 1029 2679 persuasaque
1048 2603 1141 2681 geute
1163 2618 1229 2672 sna,
1243 2595 1297 2660 via
1315 2617 1412 2680 qnam

317 2719 410 2762 cerva
433 2696 535 2761 indice
561 2693 707 2772 didicere,
735 2694 777 2759 ad
804 2693 968 2780 Scythiam
999 2704 1175 2782 properent,
1202 2705 1234 2760 et
1262 2703 1414 2780 quantos-

317 2819 437 2882 cunque
452 2797 536 2882 prins
550 2794 582 2860 in
596 2796 736 2880 ingressu
754 2792 943 2880 Scytharum
959 2796 1103 2874 habuere,
1119 2796 1247 2860 litavere
1262 2794 1412 2874 victoria,

316 2898 450 2982 reliquos
485 2895 676 2982 perdomitos
705 2895 863 2979 subegere.
923 2894 1005 2959 Nam
1033 2917 1109 2961 mox
1138 2895 1295 2982 ingentem
1324 2897 1413 2962 illam

317 2997 462 3083 paludem
478 2995 638 3071 transiere,
652 2995 724 3060 ilico
739 2994 915 3080 Alipzuros,
931 2995 1125 3074 Alcidamas,
1144 2995 1308 3075 itamaros,
1323 2995 1414 3060 Tini-

318 3119 431 3171 cassos,
447 3103 480 3162 et
503 3096 641 3173 Boiscos,
657 3096 710 3180 qui
735 3095 809 3180 ripe
834 3095 925 3160 istius
951 3095 1088 3182 Scythiae
1114 3096 1300 3175 insidebant,
1322 3097 1412 3180 qnasi

317 3197 443 3280 quidam
467 3195 560 3260 turbo
582 3196 722 3281 gentium
746 3217 885 3280 rapuere.
929 3195 1050 3262 Alanos
1076 3219 1196 3281 quoque
1221 3219 1327 3283 pugna
1350 3197 1412 3262 sibi

318 3319 416 3382 pares,
440 3295 496 3361 sed
520 3295 716 3360 immanitate
744 3295 854 3372 victus,
878 3295 1037 3379 formaque
1064 3296 1236 3366 dissimiles.
1257 3297 1413 3381 frequenti

316 3397 486 3461 certamine
503 3395 672 3481 fatigantes
685 3393 899 3481 subjugavere.
950 3394 1034 3460 Nam
1048 3405 1080 3461 et
1095 3419 1171 3481 quos
1186 3397 1266 3463 bello
1280 3396 1413 3462 forsitan

317 3496 444 3561 minime
467 3495 665 3581 superabant,
681 3496 786 3561 vultus
808 3496 855 3561 sui
877 3503 994 3560 terrore
1015 3495 1144 3561 nimium
1162 3519 1309 3582 pavorem
1323 3497 1412 3582 inge-

316 3606 421 3664 rentes
435 3595 606 3681 fugabant:
631 3617 667 3660 eo
682 3594 764 3679 quod
779 3604 846 3660 erat
862 3594 906 3661 eis
919 3595 1036 3682 species
1058 3597 1207 3682 pavendae
1228 3597 1410 3684 nigredinis,

317 3704 349 3763 et
374 3697 460 3762 velut
487 3695 631 3780 quadum
659 3695 699 3778 (si
727 3695 788 3760 dici
813 3696 861 3761 fas
886 3696 949 3777 est)
969 3695 1115 3763 deformis
1136 3696 1208 3776 offa,
1225 3720 1287 3762 non
1301 3697 1410 3773 facies,

316 3798 493 3882 habensque
508 3795 607 3880 magis
621 3802 747 3882 puncta,
763 3819 856 3880 quem
877 3797 1004 3862 lumina.
1051 3795 1189 3879 Quorum
1212 3797 1309 3862 animi
1331 3794 1412 3862 fidu·

317 3898 398 3962 ciam
414 3905 522 3962 torvus
538 3896 641 3981 prodit
658 3903 822 3983 aspectus:
847 3897 899 3980 qui
916 3896 1010 3962 etiam
1025 3897 1058 3962 in
1078 3897 1208 3984 pignora
1229 3921 1286 3963 sua
1308 3898 1410 3983 primo

281 3981 290 3998 ⁰
316 3997 366 4062 die
389 4005 464 4062 nata
492 3997 672 4063 deseviunt.
728 3995 816 4061 Nam
838 3996 977 4062 maribus
1002 3997 1084 4063 ferro
1110 4020 1206 4083 genas
1230 4005 1347 4074 secant,
1373 4005 1410 4062 ut

314 4107 482 4180 antequam
497 4097 586 4162 lactis
598 4096 790 4162 nutrimenta
802 4097 983 4183 percipiant,
996 4097 1131 4164 vulneris
1143 4105 1295 4184 eoguntur
1306 4098 1411 4164 subire

314 4197 522 4263 tolerantiam.
585 4197 670 4262 Hinc
698 4197 851 4262 imberbes
882 4205 1054 4276 senescunt,
1087 4207 1118 4263 et
1148 4197 1213 4264 sine
1244 4205 1411 4264 venustate

315 4297 425 4385 ephebi
452 4305 543 4372 snnt;
567 4298 640 4382 quia
663 4297 757 4364 facies
781 4298 861 4361 ferro
891 4298 1020 4378 sulcata,
1041 4298 1259 4384 tempestivam
1275 4299 1411 4384 pilorum

312 4399 446 4485 gratiam
474 4421 529 4483 per
553 4398 711 4464 cicatrices
735 4397 880 4463 absumit.
927 4397 1043 4483 Exigui
1072 4399 1196 4484 quidem
1221 4399 1331 4479 forma,
1354 4397 1412 4464 sed
