3158 5122
583 469 864 526 EPILEGOMENA.
1214 478 1259 524 xv

172 635 250 700 duas
265 633 445 699 audaciores
463 631 637 715 Lampeto'
654 635 686 693 et
703 628 893 715 Marpesiam
909 629 1095 715 principatui
1112 629 1262 713 subroga-

169 743 251 800 runt.
298 733 374 815 Qua
402 732 477 797 dum
504 752 609 796 euram
634 737 757 815 gerunt,
783 737 819 795 ut
846 729 970 815 propria
996 729 1209 806 defenderent,
1228 739 1260 794 et

169 835 271 900 aliena
284 841 452 908 vastarent,
471 831 580 896 sortito
597 829 749 915 Lampeto
765 829 890 908 restitit,
906 827 982 894 fines
998 829 1116 915 patrios
1132 829 1260 894 tuendo.

173 935 332 1020 Marpesia
345 957 418 998 vero
440 931 624 997 feminarum
639 930 763 1014 agmine
780 938 914 1013 sumpto,
929 952 1045 995 novum
1061 953 1159 1015 genus
1173 952 1262 994 exer-

172 1035 253 1100 citus
267 1035 358 1100 duxit
373 1034 405 1098 in
422 1032 545 1107 Asiam,
561 1031 759 1113 diversasque
783 1039 892 1114 gentes
914 1030 994 1095 bello
1009 1052 1166 1115 superans,
1183 1028 1261 1095 alias

170 1157 244 1199 vero
260 1156 335 1220 pace
346 1133 522 1208 concilians,
532 1129 573 1194 ad
587 1129 760 1195 Caucasum
771 1131 875 1194 venit:
894 1131 997 1214 ibique
1009 1139 1127 1196 eertum
1136 1138 1261 1214 tempus

171 1234 344 1312 demorans,
355 1235 422 1299 loeo
432 1253 545 1297 nomen
555 1229 651 1308 dedit,
664 1230 783 1295 Saxum
797 1229 973 1315 Marpesia.
997 1229 1259 1315 UudeVirgiliur,

370 1395 387 1422 “
397 1391 483 1458 Quum
496 1389 516 1442 si
531 1387 594 1441 dura
606 1387 672 1442 silex
685 1397 729 1441 aut
742 1397 792 1441 stet
805 1387 935 1460 Marpesia
946 1387 1063 1442 cautes.”

173 1537 211 1602 In
226 1559 262 1601 eo
277 1536 344 1601 loeo
358 1536 412 1602 ubi
429 1542 496 1620 post
512 1535 580 1598 hac
593 1532 774 1598 Alexander
790 1533 927 1618 Magnus
941 1541 1048 1618 portas
1062 1535 1262 1613 constituens,

172 1639 270 1724 Pylas
292 1635 421 1722 Caspias
441 1633 631 1700 nominarit:
656 1633 739 1717 quod
760 1654 843 1698 nunc
866 1631 1018 1698 Lazarum
1035 1656 1111 1719 gens
1127 1635 1263 1700 custodit

172 1760 228 1824 pro
244 1735 414 1801 munitione
428 1735 581 1798 Romana.
626 1732 690 1798 Hie
705 1755 778 1818 ergo
792 1741 912 1798 certum
925 1735 1075 1819 temporis
1087 1735 1263 1800 Amazones

172 1843 404 1902 commanentes
426 1834 606 1899 confortatae
630 1843 712 1898 suut.
759 1833 853 1897 Unde
876 1856 1016 1919 egressa,
1039 1843 1072 1900 et
1087 1835 1186 1921 Alym
1201 1834 1258 1900 flu-

173 1938 268 2012 vium,
284 1935 336 2019 qui
348 1932 444 2020 juxta
459 1933 635 2018 Garganum
656 1932 815 1998 civitatem
837 1931 1028 2018 preterfluit,
1052 1943 1260 2012 transeuntes,

174 2035 369 2110 Armeniam,
387 2034 520 2120 Syriam,
547 2031 759 2117 Ciliciamque,
784 2032 953 2108 Galatiam,
980 2033 1140 2113 Pisidiam,
1164 2038 1262 2102 omni·

174 2157 253 2219 aque
268 2135 353 2200 Asiae
368 2134 492 2219 oppida,
508 2155 597 2216 aequa
610 2131 758 2197 felicitate
776 2132 980 2198 domuerunt:
1008 2134 1140 2214 lonium,
1157 2137 1261 2201 AEoli·

173 2257 284 2318 amque
315 2255 480 2312 conversa,
506 2233 629 2298 deditas
660 2233 718 2297 sibi
752 2233 925 2318 provincias
959 2232 1136 2300 effecerunt.
1195 2236 1278 2302 Ubi'

174 2333 291 2399 diutius
305 2334 508 2410 dominantes,
527 2333 621 2398 etiam
639 2331 782 2398 civitates
799 2341 959 2416 castraque
974 2355 1030 2398 suo
1044 2336 1160 2400 nomini
1178 2336 1263 2401 dica-

173 2443 293 2500 verunt.
339 2433 456 2521 Ephesi
470 2455 590 2518 quoque
604 2433 755 2517 templum
771 2432 894 2505 Dianas,
908 2432 948 2497 ob
965 2433 1135 2518 sagittandi
1149 2459 1263 2501 venan-

174 2535 265 2619 dique
288 2535 435 2612 studium,
459 2534 569 2619 quibus
591 2555 623 2598 se
645 2532 765 2599 artibus
787 2533 997 2609 tradidissent,
1016 2532 1120 2600 effusis
1142 2535 1261 2620 opibus,

173 2635 259 2700 mirae
274 2634 512 2721 pulchritudinis
528 2633 744 2700 condiderunt.
790 2632 859 2698 Tali
883 2655 956 2718 ergo
981 2633 1137 2720 Scythicas
1158 2637 1261 2722 gentis

173 2735 294 2800 feminae
309 2757 382 2800 casu
398 2735 484 2800 Asiae
500 2756 593 2820 regno
608 2733 727 2819 potitae,
743 2757 799 2819 per
813 2742 939 2798 eentum
953 2755 1031 2819 pene
1045 2757 1142 2801 annos
1156 2744 1263 2802 tenue-

172 2845 256 2912 runt,
283 2843 315 2900 et
344 2835 388 2900 sio
413 2834 538 2899 demum
563 2833 605 2898 ad
632 2834 771 2919 proprias
793 2834 893 2899 socium
906 2833 938 2898 in
953 2841 1060 2900 cautes
1078 2835 1260 2921 Marpesias,

173 2958 249 3019 quas
264 2935 403 3022 superius
429 2934 574 3012 diximus,
595 2933 791 3021 repedarunt,
819 2935 851 2999 in
874 2942 1012 2998 montem
1038 2935 1154 3000 scilicet
1179 2937 1262 3002 Cau·

173 3059 289 3102 casum.
329 3033 425 3122 Cujus
438 3035 562 3112 montis,
578 3035 650 3118 quia
664 3035 748 3098 facta
762 3035 875 3099 iterum
890 3035 1008 3098 mentio
1022 3043 1081 3110 est,
1096 3058 1158 3100 non
1173 3037 1213 3102 ab
1228 3061 1261 3102 re

173 3136 307 3200 arbitror
320 3135 386 3223 ejus
399 3144 535 3201 tractum
552 3135 706 3218 situmque
732 3134 914 3208 describere,
941 3134 1065 3218 qnando
1091 3137 1261 3202 maximam

174 3243 294 3319 partem
315 3237 399 3303 orbis
419 3235 556 3302 noscitur
578 3235 705 3299 circuire
722 3231 801 3320 jugo
827 3235 983 3298 continuo.
1043 3235 1199 3302 Caucasus
1220 3238 1261 3302 ab

176 3335 284 3399 lndioo
308 3336 385 3400 mari
414 3359 551 3422 surgens,
575 3357 636 3419 qua
661 3335 822 3399 meridiem
843 3334 978 3419 respicit,
1007 3334 1070 3400 sole
1095 3345 1263 3422 vaporatus

174 3434 318 3500 ardescit.
370 3436 440 3516 Qua
460 3435 661 3521 septentrioni
688 3443 786 3520 patet,
813 3435 984 3520 rigentibus
1007 3437 1107 3501 ventis
1135 3446 1183 3502 est
1209 3439 1263 3504 ob-

175 3535 288 3600 noxius
310 3540 343 3598 et
364 3535 491 3620 pruinis.
542 3535 621 3600 Mox
643 3535 675 3598 iu
698 3535 823 3621 Syriam
846 3547 974 3599 curvato
989 3537 1102 3621 angulo
1117 3535 1261 3616 reflexus,

175 3635 249 3700 licet
270 3634 408 3700 amnium
431 3633 579 3719 plurimos
600 3633 735 3712 emittat,
758 3635 789 3698 in
808 3635 959 3700 Asianum
983 3643 1087 3700 tamen
1105 3638 1261 3721 regionem

176 3735 339 3800 Eufratem
363 3734 542 3820 Tigrimque
563 3735 734 3818 navigeros,
755 3734 796 3798 ad
816 3735 991 3820 opinionem
1006 3737 1176 3801 maximam
1193 3760 1260 3822 per-

174 3835 298 3900 enuium
321 3835 467 3909 fontium,
483 3833 614 3920 copiosis
635 3833 739 3898 fundit
761 3834 916 3901 uberibus.
961 3836 1022 3918 Qui
1046 3837 1261 3922 amplexantes

175 3943 272 4000 terras
286 3935 499 4022 Assyriorum,
517 3934 775 4019 Mesopotamiam
790 3935 938 4020 appellari
952 3935 1082 4012 faciunt,
1096 3944 1128 4000 et
1144 3937 1259 4014 videri,

175 4035 206 4100 in
231 4035 331 4100 sinum
353 4037 447 4100 maris
471 4035 570 4098 Rubri
593 4032 711 4098 fluenta
731 4034 929 4119 deponentes.
976 4035 1065 4100 Tunc
1087 4036 1118 4100 in
1135 4037 1261 4102 boream

175 4142 341 4215 revertens,
358 4135 503 4222 Scythias
519 4143 630 4212 terras,
649 4131 762 4221 jugum
785 4135 959 4200 antefatum
984 4137 1106 4221 magnis
1132 4134 1263 4204 flexibus

175 4243 378 4320 pervagatur:
402 4243 495 4319 atque
520 4235 636 4301 ibidem
664 4235 877 4319 opinatissima
901 4233 1030 4300 flumina
1055 4237 1086 4302 in
1116 4235 1262 4322 Caspium

174 4357 260 4401 maro
274 4335 471 4420 profundens,
489 4333 638 4414 Araxem,
655 4335 798 4421 Cyssum,
822 4343 853 4400 et
875 4334 1060 4420 Cambysen,
1083 4339 1263 4401 continuato

304 4463 317 4488 ⁹
333 4461 396 4514 This
407 4461 428 4514 ia
438 4460 481 4514 the
493 4477 568 4514 name
577 4461 606 4514 ol*
614 4479 662 4514 one
674 4461 704 4513 ol
712 4461 756 4514 the
770 4463 882 4530 viragoes
895 4461 924 4513 ol
933 4461 976 4514 the
991 4461 1142 4530 Lysistratus.
