3150 5136
302 307 387 374 xxiv
580 315 657 369 rue
681 315 862 404 annuunt
889 315 937 371 or
961 315 1127 371 ricinus.

335 633 352 716 §
384 653 426 694 vr.
461 651 598 694 uranon
633 652 713 693 reon
748 651 866 694 caunos
898 651 1046 693 nrnoouus
1079 649 1122 688 nn
1144 645 1260 687 enarre
1284 645 1413 686 noseo-

759 739 947 782 annnorum.

353 885 444 962 Paul,
461 886 584 950 theson
603 883 640 948 of
662 882 845 948 Warnefrid
873 883 1013 965 (Paulus
1034 883 1232 968 Womsridi
1248 883 1362 968 filine,
1379 907 1416 950 as

309 986 388 1050 heis
403 986 488 1050 often
504 984 715 1070 designated),
732 1005 797 1047 was
812 983 928 1048 deaeon
944 984 980 1047 of
997 983 1105 1055 Friuli,
1121 983 1184 1048 and
1196 993 1366 1071 secretary
1379 999 1414 1048 to

310 1087 498 1162 Desiderius,
515 1085 569 1149 the
586 1085 647 1150 last
662 1084 740 1169 king
754 1083 790 1146 of
804 1083 857 1147 the
873 1084 1057 1149 Lomhards.
1101 1083 1150 1149 To
1167 1085 1221 1149 the
1235 1085 1415 1150 traditione

311 1186 373 1250 and
388 1187 509 1272 history
523 1185 560 1249 of
574 1186 663 1250 those
678 1206 873 1267 conquerors,
886 1185 935 1249 his
950 1185 1038 1248 work
1049 1181 1140 1248 hears
1154 1185 1208 1248 the
1222 1207 1312 1248 same
1328 1185 1413 1250 rela-

310 1287 388 1362 tion,
403 1289 504 1352 which
515 1286 586 1350 that
602 1286 638 1349 of
647 1283 671 1348 J
673 1284 827 1348 ornandes
838 1283 912 1348 does
922 1292 957 1349 to
967 1286 1057 1349 those
1067 1286 1103 1348 of
1113 1286 1167 1350 the
1180 1283 1414 1350 Ostra-Goths.

809 1475 868 1515 nm.
888 1475 907 1515 1.

358 1589 384 1652 1.
408 1585 667 1672 septentrionalis
681 1586 783 1671 plaga,
800 1594 916 1670 quanto
931 1586 1033 1670 magis
1046 1585 1087 1649 ab
1101 1592 1179 1650 astu
1196 1585 1269 1650 solis
1287 1594 1416 1652 remota

312 1697 372 1762 est,
388 1695 420 1752 et
435 1687 529 1752 nivali
543 1687 656 1771 frigore
679 1686 791 1770 gelida,
815 1695 904 1750 tanto
931 1685 1082 1751 salubrior
1105 1680 1286 1770 odrporihns
1311 1686 1417 1751 horni-

312 1811 397 1863 num,
425 1797 457 1852 et
484 1771 691 1873 propagandis
722 1793 770 1850 est
805 1787 950 1872 gentihus
987 1786 1086 1872 magis
1123 1793 1293 1871 coaptata:
1330 1781 1415 1852 sicut

314 1911 330 1950 e
343 1897 451 1951 eontra
466 1887 566 1950 omnis
579 1886 751 1950 meridiana
763 1888 856 1972 regio,
870 1909 930 1971 quo
943 1885 1016 1951 solis
1029 1894 1076 1951 est
1089 1885 1201 1950 fervori
1214 1885 1361 1964 vicinior,
1376 1911 1414 1951 eo

313 2009 434 2073 semper
458 1987 574 2052 morbis
599 1985 750 2062 abundat,
774 1997 806 2052 et
828 1986 997 2052 educandis
1017 1987 1120 2050 minus
1134 1994 1182 2050 est
1198 1995 1274 2071 apta
1290 1997 1415 2053 morta·

315 2088 405 2152 libus.
452 2087 547 2151 Unde
565 2089 601 2150 fit
616 2095 652 2151 ut
669 2095 767 2151 tautae
783 2087 965 2174 populorum
980 2085 1198 2152 multitudines
1219 2097 1332 2152 arctoo
1354 2089 1415 2153 suh

315 2211 375 2252 axe
404 2187 563 2252 oriantur:
596 2194 633 2251 ut
662 2209 724 2252 non
756 2187 911 2252 immerito
940 2187 1083 2252 universa
1110 2186 1164 2250 illa
1193 2188 1278 2272 regio
1310 2189 1416 2253 Tanai

314 2299 416 2364 tenus,
435 2310 531 2372 usque
547 2287 590 2351 ad
603 2287 777 2364 occiduum,
792 2287 865 2352 lieet
882 2295 914 2352 ct
939 2287 1069 2372 propriis
1085 2287 1154 2351 loca
1175 2286 1207 2350 in
1228 2310 1267 2352 ea
1287 2288 1418 2374 siugrrln

315 2397 534 2474 nuncupentur
557 2387 743 2464 nominihus,
768 2388 904 2472 generali
929 2395 1034 2452 tamen
1064 2387 1212 2451 vocabulo
1240 2387 1417 2454 Germania

316 2489 491 2562 vocitetur;
516 2489 657 2572 quamvis
674 2494 706 2551 et
723 2487 801 2553 duas
817 2488 901 2552 ultra
916 2487 1061 2552 Rhenum
1075 2487 1249 2573 provincias
1264 2489 1416 2570 Romani,

315 2613 387 2654 eum
402 2611 440 2653 ea
454 2588 523 2652 loca
536 2595 747 2673 occupassent,
761 2587 949 2674 superiorem
964 2587 1198 2672 inferioremque
1211 2587 1419 2654 Gennaniarn

316 2689 463 2754 dixerint.
509 2687 563 2752 Ab
580 2690 639 2753 hac
662 2711 734 2772 ergo
758 2688 907 2774 populosa
929 2687 1107 2764 Germania,
1130 2709 1213 2773 saepe
1235 2687 1417 2754 innumera·

316 2791 393 2856 biles
418 2789 612 2874 captivorum
638 2796 751 2852 turmae
779 2788 934 2866 abducta,
959 2787 1139 2853 meridianis
1164 2789 1285 2874 populis
1310 2790 1416 2875 pretio

317 2889 543 2954 distrahuntur.
590 2887 702 2952 Multa
717 2911 837 2973 quoque
855 2911 895 2952 ex
910 2912 957 2965 ea,
975 2911 1030 2974 pro
1047 2909 1083 2952 eo
1099 2888 1182 2973 quod
1202 2897 1309 2954 tantos
1331 2913 1418 2954 mor-

316 2989 427 3054 talium
441 2988 604 3074 germinat,
620 2997 752 3074 quantos
767 2988 848 3053 alere
861 2989 915 3053 vix
930 2987 1054 3065 suffieit,
1068 3011 1149 3075 saepe
1161 2997 1271 3075 gentes
1283 3013 1417 3075 egram

318 3097 484 3174 suntque
501 3089 700 3154 nihilominus
715 3099 747 3154 et
763 3097 869 3175 partes
883 3089 979 3166 Asiae,
997 3088 1052 3153 sed
1073 3089 1211 3154 maxime
1232 3090 1290 3155 sibi
1312 3091 1417 3155 eonti-

318 3210 412 3274 guam
444 3187 613 3275 Europam,
642 3188 830 3255 afflixenmt.
895 3189 1065 3254 Testantur
1089 3189 1150 3254 hoe
1176 3189 1290 3276 ubique
1319 3191 1418 3258 urbes

318 3297 425 3366 emta,
441 3311 496 3373 per
510 3295 611 3353 totam
628 3288 790 3376 illyricum
813 3288 1026 3374 Galliamque:
1055 3288 1110 3354 sed
1132 3291 1269 3356 maxime
1291 3291 1417 3356 miseras

320 3388 432 3468 Italia,
448 3411 516 3472 quae
538 3410 616 3473 pene
638 3390 777 3454 omnium
798 3389 919 3454 illarum
943 3397 990 3456 est
1010 3389 1151 3476 gentium
1176 3397 1306 3476 experta
1326 3392 1420 3456 saevi-

320 3488 409 3554 tiam.
464 3487 561 3553 Gothi
596 3488 757 3572 siquidem,
788 3489 1009 3574 Wandeliqus,
1045 3488 1138 3576 Rugi,
1169 3489 1293 3566 Heruli,
1319 3498 1419 3576 atque

321 3587 500 3675 Tureilingi,
518 3610 576 3652 nee
598 3610 658 3652 non
681 3567 777 3654 atiani
798 3589 867 3656 alias
889 3591 1005 3656 feroces
1022 3597 1054 3654 et
1068 3589 1209 3656 harharae
1225 3592 1379 3668 nationes,
1396 3615 1417 3656 e

321 3689 490 3754 Germania
503 3687 693 3775 prodierunt.

367 3789 414 3854 ΙΙ.
437 3789 512 3854 Pari
544 3788 639 3854 etiam
668 3791 761 3857 modo
786 3798 819 3855 et
843 3789 1044 3867 Winilorum,
1067 3790 1126 3854 hoc
1148 3798 1207 3867 est,
1234 3791 1417 3876 Longohar-

323 3889 432 3954 domm
447 3911 534 3977 gens.
552 3912 620 3974 quae
635 3900 744 3978 postea
757 3890 790 3956 in
806 3890 901 3956 Italia
915 3890 1047 3956 feliciter
1066 3892 1220 3976 regnavit,
1242 3914 1263 3955 a
1285 3891 1417 3956 Germa—

322 4012 433 4054 norum
450 3990 569 4076 populis
584 3991 734 4078 originem
748 3991 873 4068 ducens,
889 3991 963 4056 licet
980 3998 1012 4055 et
1027 3991 1095 4056 aliae
1113 4013 1214 4058 causa
1231 3991 1417 4076 egressionis

322 4113 428 4156 eorum
446 4098 667 4171 asseverentur,
685 4093 726 4157 ab
739 4091 841 4158 insula
854 4115 922 4176 quae
939 4089 1147 4156 Scandinavia
1167 4091 1281 4156 dicitur
1300 4091 1419 4156 adven·

323 4189 421 4256 tavit:
450 4189 538 4276 eujus
556 4191 650 4256 etiam
665 4192 783 4272 insulae,
799 4191 919 4257 Plinius
935 4191 1097 4256 Secundus
1111 4191 1143 4256 in
1158 4191 1253 4268 libris,
1272 4215 1350 4276 quos
1365 4192 1416 4256 De

324 4292 445 4357 Natura
456 4290 573 4356 Rerum
588 4294 771 4378 composuit,
783 4291 972 4358 mentionem
989 4291 1073 4357 facit.
1121 4289 1202 4358 Haeo
1217 4315 1289 4378 ergo
1302 4292 1414 4370 insula,
