3150 5136
578 467 859 524 EPILEGOMENA.
1209 478 1254 523 xv

167 632 245 697 duas
260 630 440 696 audaciores
458 628 632 714 Lampeto*
649 637 681 692 et
698 627 888 713 Marpesiam
904 627 1091 713 principatui
1107 628 1257 714 subroga-

164 740 246 798 runt.
293 732 369 813 Quae
397 730 472 795 dum
499 751 604 794 curam
629 736 752 813 gerunt,
778 736 814 792 ut
841 727 965 814 propria
992 728 1203 804 defenderent,
1223 736 1255 793 et

164 832 266 896 aliena
279 838 448 906 vastarent,
466 829 575 895 sortito
592 827 744 913 Lampeto
759 827 884 906 restitit,
901 826 977 894 fines
994 827 1111 914 patrios
1127 828 1255 893 tuendo.

168 932 327 1017 Marpesia
340 954 413 996 vero
435 929 619 996 feminarum
635 929 758 1013 agmine
775 937 908 1012 sumpto,
924 951 1039 993 novum
1055 951 1153 1014 genus
1168 951 1257 993 exer-

166 1033 248 1097 citus
263 1032 353 1096 duxit
368 1032 400 1096 in
417 1030 539 1105 Asiam,
555 1029 754 1112 diversasque
778 1037 887 1114 gentes
909 1028 989 1092 bello
1004 1051 1161 1113 superans,
1178 1029 1256 1094 alias

164 1155 239 1196 vero
255 1154 330 1218 pace
341 1131 516 1206 concilians,
526 1129 567 1192 ad
581 1128 754 1194 Caucasum
766 1129 869 1192 venit:
889 1129 992 1212 ibique
1004 1137 1122 1194 eertum
1132 1138 1255 1212 tempus

165 1232 339 1310 demorans,
349 1232 417 1297 loco
427 1251 539 1296 nomeu
549 1228 646 1306 dedit,
658 1228 778 1295 Saxum
791 1228 968 1314 Marpesia.
992 1228 1254 1314 UndeVirgilius,

365 1391 383 1420 “
392 1389 477 1456 Quam
490 1388 512 1440 si
526 1386 589 1440 dura
601 1386 667 1440 silex
679 1397 724 1439 aut
736 1395 787 1440 stet
799 1385 930 1458 Marpesia
941 1386 1058 1440 cautes.”

167 1536 206 1600 ln
221 1557 257 1599 eo
271 1535 338 1598 loco
353 1533 407 1598 ubi
423 1540 491 1618 post
507 1532 573 1596 baec
588 1530 769 1596 Alexander
784 1531 921 1616 Magnus
936 1540 1042 1616 portas
1057 1534 1256 1612 constituens,

166 1635 265 1722 Pylas
286 1633 415 1719 Caspias
436 1631 626 1698 nominavit:
651 1631 734 1716 quod
755 1653 837 1696 nunc
860 1631 1013 1696 Lazarum
1030 1655 1106 1717 gene
1121 1634 1257 1700 custodit

167 1759 222 1821 pro
238 1733 409 1799 munitione
422 1732 575 1797 Romana.
621 1730 685 1796 Hic
699 1753 772 1817 ergo
787 1741 906 1796 certum
920 1733 1069 1818 temporis
1081 1735 1258 1800 Amazones

167 1841 399 1899 commanentes
420 1831 601 1896 confortatae
624 1841 707 1896 suut.
754 1830 847 1895 Unde
871 1855 1010 1917 egressae,
1034 1840 1066 1898 et
1082 1836 1180 1921 Alym
1196 1833 1252 1900 flu·

167 1935 263 2011 vium,
278 1933 331 2016 qui
342 1929 438 2018 juxta
454 1931 629 2016 Gargarum
650 1931 809 1997 civitatem
832 1931 1022 2016 preterfluit,
1046 1941 1254 2011 transeuntes,

169 2033 364 2108 Armeniam,
381 2031 514 2117 Syriam,
541 2029 753 2116 Ciliciamque,
779 2031 948 2106 Galatiam,
973 2032 1134 2112 Pisidiam,
1159 2037 1256 2100 omni·

168 2155 247 2217 aque
262 2133 348 2197 Asiae
363 2130 486 2217 oppida,
501 2152 591 2214 aqua
604 2130 753 2196 felicitate
770 2130 974 2197 domuerunt:
1002 2133 1134 2213 lonium,
1151 2135 1255 2200 AEoli·

168 2255 279 2316 amque
310 2253 474 2309 conversa,
500 2230 623 2296 deditas
654 2231 713 2295 sibi
746 2231 919 2317 provincias
953 2232 1130 2298 effecerunt.
1190 2235 1272 2301 Ubi'

168 2332 285 2397 diutius
299 2332 503 2408 dominantes,
521 2331 616 2396 etiam
633 2330 776 2396 civitates
793 2339 953 2415 castraque
968 2354 1023 2397 suo
1039 2335 1154 2399 nomini
1173 2335 1258 2401 dica-

166 2441 287 2498 verunt.
333 2431 450 2518 Ephesi
464 2453 584 2516 quoque
598 2431 750 2516 templum
765 2430 888 2502 Diana.
902 2432 943 2496 ob
959 2433 1129 2518 sagittandi
1143 2457 1257 2500 venan-

168 2533 259 2617 dique
282 2532 429 2610 studium,
453 2531 564 2617 quibus
585 2553 617 2596 se
639 2531 759 2597 artibus
781 2531 991 2607 tradidissent,
1011 2532 1114 2598 effusis
1136 2535 1255 2620 opibus,

167 2633 253 2697 mirae
268 2633 506 2718 pulchritudinis
523 2631 738 2697 condiderunt.
784 2631 854 2696 Tali
877 2655 950 2717 ergo
975 2632 1131 2719 Scythica
1152 2636 1256 2720 gentis

166 2732 288 2798 femina
303 2755 377 2798 casu
392 2733 477 2798 Asiae
493 2754 587 2816 regno
602 2732 722 2817 potitae,
738 2755 793 2818 per
807 2740 933 2796 centum
947 2754 1025 2817 pene
1039 2755 1136 2799 annos
1150 2743 1257 2800 tenne-

167 2841 250 2910 runt,
277 2841 309 2898 et
338 2833 382 2898 sic
408 2833 533 2898 demum
557 2831 599 2896 ad
626 2832 765 2918 proprias
788 2833 887 2898 socias
900 2832 933 2896 in
948 2841 1054 2898 cautes
1072 2833 1254 2920 Marpesias,

166 2957 243 3017 quas
257 2932 397 3018 superius
423 2932 568 3009 diximus,
588 2931 785 3017 repedarunt,
813 2933 846 2996 in
869 2941 1007 2998 montem
1032 2933 1148 2999 scilicet
1173 2936 1256 3002 (lau-

166 3055 282 3098 oasum.
324 3031 420 3119 Cujus
432 3033 556 3110 montis,
572 3032 644 3117 quia
658 3033 742 3096 facta
755 3033 868 3097 iterum
885 3033 1001 3098 mentio
1016 3043 1075 3109 est,
1090 3057 1151 3099 non
1167 3037 1207 3101 ab
1222 3059 1255 3102 re

167 3133 301 3198 arbitror
314 3132 379 3220 ejus
393 3141 529 3198 tractum
545 3133 700 3217 situmque
726 3132 908 3207 describere,
935 3133 1059 3216 quando
1085 3137 1254 3201 maximam

167 3242 289 3317 partem
310 3234 392 3300 orbis
413 3233 550 3299 noscitur
572 3233 699 3298 circuire
715 3231 794 3318 jugo
821 3233 977 3298 continuo.
1037 3233 1193 3302 Caucasus
1214 3238 1255 3302 ab

169 3332 278 3396 Indico
302 3334 379 3398 mari
407 3355 545 3420 surgens,
569 3355 630 3417 qua
655 3333 815 3398 meridiem
838 3333 972 3418 respicit,
1001 3334 1064 3398 sole
1089 3345 1256 3421 vaporatus

167 3431 311 3498 ardescit.
364 3433 434 3514 Qua
454 3432 655 3519 septentrioni
681 3441 780 3519 patet,
807 3433 978 3518 rigentibus
1000 3435 1100 3500 ventis
1129 3444 1176 3500 est
1203 3437 1257 3502 ob-

168 3533 282 3597 noxius
303 3539 337 3596 et
357 3533 485 3618 pruinis.
535 3532 615 3597 Mox
637 3533 669 3596 in
692 3533 817 3620 Syriam
840 3546 968 3599 curvato
983 3536 1096 3619 angulo
1111 3534 1254 3613 reflexus,

169 3633 242 3697 lioet
264 3632 402 3698 amnium
425 3631 572 3717 plurimos
594 3632 729 3711 emittat,
752 3633 783 3696 iu
802 3633 953 3698 Asianam
976 3642 1082 3698 tamen
1099 3637 1254 3721 regionem

170 3732 333 3798 Eufratem
356 3732 535 3818 Tigrimque
557 3733 728 3817 navigeros,
749 3731 789 3797 ad
810 3733 984 3818 opinionem
1000 3735 1169 3800 maximam
1186 3760 1254 3822 per-

168 3833 292 3897 ennium
316 3833 460 3908 fontium,
476 3831 608 3918 copiosis
629 3831 732 3897 fundit
754 3832 909 3899 uberibus.
954 3835 1015 3916 Qui
1040 3835 1254 3920 amplexantes

168 3940 265 3997 terras
280 3934 492 4020 Assyriorum,
511 3931 769 4016 Mesopotamiam
784 3934 931 4018 appellari
946 3935 1075 4012 faciunt,
1089 3943 1121 3998 et
1137 3937 1253 4013 videri;

168 4033 200 4096 iu
224 4032 325 4098 sinum
347 4035 440 4098 maris
464 4032 564 4097 Rubri
587 4029 705 4096 fluenta
724 4032 923 4117 deponentes.
970 4034 1058 4099 Tunc
1080 4035 1112 4099 iu
1128 4036 1255 4101 boream

168 4141 335 4213 revertens,
351 4133 496 4220 Scythias
512 4142 623 4210 terras,
642 4130 755 4219 jugum
779 4133 951 4198 antefatum
978 4135 1099 4220 magnis
1125 4133 1256 4202 flexibus

169 4241 371 4318 pervagatur:
395 4241 489 4317 atque
513 4233 628 4298 ibidem
657 4233 871 4318 opinatissima
895 4231 1024 4298 flumina
1047 4236 1080 4300 iu
1109 4235 1255 4321 (laspium

168 4355 253 4398 mare
268 4333 464 4418 profundens,
482 4331 631 4411 Araxem,
648 4332 791 4419 Oyssum,
815 4342 846 4398 et
869 4333 1054 4420 Cambysen,
1076 4337 1256 4400 continuato

298 4461 311 4486 ⁴
326 4459 389 4512 This
400 4459 421 4512 is
431 4458 474 4512 the
487 4476 561 4512 name
570 4459 599 4512 ol
607 4477 655 4512 one
668 4460 697 4512 of
705 4459 750 4512 the
763 4461 875 4528 viragoes
888 4460 917 4512 of
926 4459 970 4513 the
984 4459 1135 4532 bastarnae.
