3088 5080
306 403 421 472 lxxxii
577 415 653 470 run
677 413 858 469 ansuini
882 414 931 471 or
955 415 1120 471 ricinus.

304 585 463 643 extremos
477 573 553 641 fines
564 597 630 642 sese
645 576 815 661 recepisse:
840 575 949 640 silvam
963 597 1029 640 esse
1044 575 1087 640 ibi
1103 573 1224 642 infinita
1240 577 1411 662 magnitu-

305 677 387 754 dine,
402 699 470 760 quae
487 676 661 762 adpellatur
676 676 817 754 Bacenis,
831 675 911 740 hano
921 675 1012 760 longe
1022 677 1173 741 introrsus
1183 678 1341 761 pertinere
1355 687 1407 750 et,

305 801 361 862 pro
378 778 485 842 nativo
501 799 590 842 muro
604 776 768 864 objectam,
781 775 953 841 Cheruscos
967 777 1008 840 ab
1025 775 1145 854 Suavis,
1161 777 1343 861 Suevosqne
1358 779 1406 840 ab

306 877 478 954 Cheruscis,
495 875 615 964 injuriis
629 875 911 960 incursionibusque
929 877 1107 961 prohibere:
1132 877 1174 942 ad
1189 875 1256 962 ejus
1270 878 1404 942 initium

305 977 390 1042 silvae
407 977 525 1043 Suevos
539 978 708 1044 adventum
723 977 935 1041 Romanorum
951 985 1131 1062 exspectare
1146 977 1382 1042 constituisse.”

349 1077 415 1142 Xl.
438 1078 592 1160 Quoniam
614 1078 656 1144 ad
680 1079 763 1143 hunc
780 1077 883 1141 locum
898 1085 1081 1162 perventum
1102 1085 1160 1155 est,
1176 1101 1237 1142 non
1258 1079 1402 1142 alienum

307 1201 372 1244 esse
394 1178 528 1258 videtur,
552 1179 591 1245 de
614 1179 723 1244 Gallia
746 1177 981 1261 Germaniaque
1012 1179 1160 1254 moribus,
1191 1187 1224 1243 et
1249 1199 1311 1262 quo
1338 1179 1404 1242 dif-

305 1279 407 1344 ferant
436 1282 485 1345 he
512 1281 655 1346 nationes
683 1281 764 1343 inter
793 1299 869 1354 sese,
897 1300 1078 1362 proponere.
1126 1279 1164 1342 ln
1198 1278 1301 1343 Gallia
1334 1302 1402 1342 non

305 1382 405 1445 solum
430 1382 463 1445 in
484 1381 627 1446 omnibus
648 1379 828 1446 civitatibus
859 1385 952 1462 atque
974 1379 1007 1442 in
1032 1378 1175 1444 omnibus
1206 1378 1295 1464 pagis
1327 1401 1404 1464 per-

306 1481 458 1564 tibusque,
474 1481 528 1546 sed
544 1503 631 1566 paene
646 1480 742 1544 etiam
762 1479 794 1543 in
815 1477 943 1564 siugulis
964 1477 1108 1544 domibus
1129 1478 1280 1544 factiones
1298 1489 1399 1544 sunt:

303 1603 470 1666 earumque
498 1581 669 1646 factionum
694 1579 848 1665 principes
870 1585 952 1655 sunt,
976 1579 1028 1663 qui
1053 1601 1206 1644 summam
1228 1580 1403 1644 anctorita-

305 1691 370 1747 tem
387 1704 493 1746 eorum
503 1680 624 1767 judicio
645 1680 759 1744 habere
776 1679 1004 1756 existimantur,
1020 1701 1150 1763 quorum
1169 1679 1211 1744 ad
1229 1679 1401 1744 arbitrium

299 1779 514 1866 judiciumque
540 1802 663 1845 summa
690 1781 828 1844 omnium
858 1801 960 1844 rerum
992 1779 1248 1864 consiliorumque
1277 1779 1401 1846 redeat.

307 1879 406 1965 quue
427 1879 493 1965 ejus
522 1881 565 1946 rei
588 1903 697 1946 caussa
716 1881 888 1966 antiquitus
906 1879 1086 1945 institutum
1108 1880 1242 1958 videtur,
1263 1903 1303 1944 ne
1325 1880 1399 1964 quis

306 2003 346 2044 ex
363 1980 453 2066 plebe
468 1988 577 2046 contra
593 1981 799 2067 potentiorem
813 1978 921 2046 auxilii
937 1988 1062 2066 egeret:
1086 2003 1158 2046 snos
1172 1981 1255 2044 enim
1265 1980 1400 2066 quisque

306 2081 438 2165 opprimi
456 2089 487 2146 et
504 2081 716 2146 circumveniri
738 2104 799 2145 non
819 2081 949 2166 patitur,
973 2103 1082 2165 neque,
1105 2081 1196 2145 aliter
1218 2081 1243 2145 si
1266 2081 1397 2158 faciant,

305 2181 401 2244 ullam
423 2180 504 2246 inter
526 2204 598 2247 suos
614 2181 730 2246 habent
747 2181 976 2247 auctoritatem.
1023 2180 1102 2246 Haee
1127 2179 1236 2246 eadem
1251 2182 1333 2246 ratio
1349 2191 1400 2246 est

305 2281 338 2344 in
360 2303 481 2346 summa
501 2283 599 2348 totius
619 2281 748 2347 Gallia:
773 2303 906 2366 namque
927 2303 1034 2348 omnes
1060 2281 1204 2348 civitates
1230 2281 1263 2345 in
1289 2291 1401 2368 partes
1527 2329 1528 2348 ι

307 2380 413 2446 divisa
431 2391 504 2448 sunt
520 2383 608 2449 duas.

350 2482 436 2548 XII.
460 2483 564 2566 Quum
597 2484 701 2550 Oaesar
732 2483 765 2547 in
798 2479 932 2546 Galliam
962 2481 1056 2559 venit,
1092 2481 1219 2546 alterius
1250 2481 1401 2548 factionis

305 2583 459 2670 principes
480 2593 568 2650 erant
596 2584 710 2662 AEdui,
739 2582 867 2648 alterius
893 2581 1038 2666 Sequani.
1092 2580 1137 2646 Hi
1163 2605 1258 2667 quum
1281 2606 1337 2668 per
1364 2606 1400 2648 se

303 2684 406 2750 minus
439 2685 589 2762 valerent,
627 2683 710 2770 quod
747 2704 870 2748 summa
908 2683 1077 2748 auctoritas
1117 2682 1288 2768 antiquitus
1327 2693 1401 2748 erat

304 2783 336 2848 in
366 2785 494 2861 AEduis‚
528 2807 711 2870 magnaeque
743 2805 849 2848 eornm
884 2790 972 2847 erant
999 2782 1160 2848 clientela.
1221 2783 1399 2850 Germanos

303 2891 398 2967 atque
433 2883 628 2948 Ariovistum
664 2882 723 2949 sibi
757 2881 966 2969 adjunxerant
1000 2905 1112 2967 eosque
1141 2884 1183 2948 ad
1212 2907 1245 2950 se
1273 2885 1400 2968 magnis

298 2980 431 3068 jacturis
455 2983 787 3069 pollicitationibusque
812 2983 1033 3068 perduxerant.
1078 2983 1200 3051 Proeliis
1222 3007 1294 3050 vero
1308 3007 1399 3049 com·

303 3082 443 3166 pluribus
474 3083 565 3151 factis
595 3084 746 3162 secundis,
778 3093 872 3169 atque
901 3084 986 3148 omni
1015 3083 1178 3150 nobilitate
1211 3085 1397 3150 AEduorum

303 3182 478 3262 interfecta,
493 3192 617 3250 tantum
636 3185 778 3271 potentia
794 3179 1032 3262 antecesserant,
1048 3191 1085 3248 ut
1108 3207 1253 3271 magnam
1271 3191 1398 3271 partem

305 3283 464 3348 clientium
494 3285 534 3350 ab
556 3285 675 3351 AEduis
697 3284 739 3350 ad
760 3307 792 3350 se
821 3284 1056 3350 transducerent
1081 3284 1263 3370 obsidesque
1288 3286 1329 3351 ab
1358 3285 1399 3351 iis

304 3383 479 3469 principum
509 3382 587 3451 filios
609 3386 784 3471 acciperent
806 3392 838 3450 et
860 3384 982 3470 publice
1002 3384 1108 3472 jurare
1133 3393 1289 3471 cogerent,
1315 3386 1396 3452 nihil

305 3507 338 3549 se
354 3491 464 3550 contra
481 3484 639 3570 Sequanos
662 3485 779 3550 consilii
802 3485 956 3560 inituros;
981 3493 1014 3550 et
1037 3493 1158 3570 partem
1177 3485 1300 3552 finitimi
1315 3487 1396 3570 agri,

303 3584 437 3668 pervim
461 3594 653 3672 occupatam,
676 3585 867 3671 possiderent
884 3585 1053 3670 Galliaque
1070 3585 1167 3651 totius
1186 3586 1400 3672 principatum

301 3683 491 3754 obtinerent.
553 3687 624 3768 Qua
658 3686 843 3751 necessitate
879 3685 1034 3751 adductus
1065 3686 1249 3765 Diuitiaene,
1284 3685 1397 3752 auxilii

302 3784 428 3868 petendi
462 3809 571 3852 caussa
600 3787 734 3851 Romam
767 3786 809 3850 ad
841 3793 982 3850 senatum
1018 3785 1181 3872 profectus,
1214 3787 1330 3851 infecta
1361 3811 1397 3852 re

303 3884 447 3950 redierat.
493 3887 643 3952 Adventu
659 3885 789 3952 (laeseris
806 3886 891 3950 facta
907 3887 1149 3951 commutatione
1170 3909 1282 3964 rerum,
1309 3887 1396 3952 obsi-

304 3985 395 4051 dibus
420 3986 539 4052 AEduis
571 3985 711 4065 redditis,
739 3986 893 4052 veteribus
925 3986 1075 4052 clientelis
1106 3987 1269 4064 restitutis,
1304 3987 1395 4052 novis

302 4108 357 4170 per
382 4085 535 4152 Oaesarem
562 4086 749 4173 comparatis
776 4087 873 4170 (quod
897 4087 939 4164 hi,
971 4087 1023 4172 qui
1049 4110 1081 4152 se
1110 4087 1152 4152 ad
1183 4111 1290 4152 eorum
1316 4087 1397 4152 ami·

302 4186 409 4250 citiam
432 4187 688 4273 adgregaverant,
709 4187 834 4252 meliore
862 4188 1038 4253 conditione
1059 4195 1153 4272 atque
1177 4190 1309 4272 aequiore
1335 4188 1396 4252 im-

303 4287 387 4370 perio
402 4309 433 4351 se
455 4288 502 4351 uti
526 4289 700 4372 videbant),
719 4287 843 4372 reliquis
869 4289 961 4352 rebus
975 4311 1091 4366 eornm,
1106 4289 1217 4374 gratia,
1238 4288 1394 4374 dignitate

299 4385 499 4473 amplificata,
539 4389 673 4474 Sequani
711 4388 920 4474 principatum
959 4387 1148 4454 dimiserant.
1209 4389 1248 4453 In
1285 4411 1393 4453 eorum
