3150 5136
326 440 412 510 xviii
605 454 681 510 uun
703 454 886 510 casurus
912 453 960 511 os
985 453 1153 511 suerrus

328 615 500 702 Hystaspis
510 612 600 692 lilius,
613 612 731 701 Antyri
746 615 828 701 regis
841 614 1016 679 Gothorum
1032 612 1128 679 filiam
1142 615 1175 680 iu
1189 613 1445 679 matrimonium

327 715 547 801 expostulavit,
562 737 675 800 rogans
697 715 813 799 pariter
832 723 926 798 atque
950 715 1118 792 deterrens,
1142 715 1200 780 nisi
1224 737 1318 781 suam
1344 737 1444 800 pera·
1556 723 1557 750 l

327 825 438 902 gerent
452 816 656 880 voluntatem.
701 812 798 900 Cujus
819 813 1003 880 affinitatem
1022 815 1119 880 Gothi
1134 825 1329 902 spementes,
1348 816 1442 900 lega-

328 917 446 982 tionem
469 913 535 1001 ejus
556 915 754 980 frustrarunt.
799 915 862 996 Qui
885 916 1035 1001 repulsus,
1050 917 1153 981 furore
1170 914 1360 980 flammatus
1375 925 1439 990 est,

330 1024 362 1082 et
375 1016 535 1104 octoginta
548 1015 647 1080 millia
658 1021 848 1080 armatorum
862 1025 970 1080 contra
983 1017 1064 1102 ipsos
1077 1015 1227 1102 produxit
1237 1017 1439 1090 exercitum,

330 1115 548 1182 verecundiam
570 1137 658 1182 suam
680 1116 764 1179 malo
784 1115 908 1199 publico
924 1115 1080 1181 vindicare
1097 1115 1312 1202 contendenp3
1338 1117 1438 1181 navi·

330 1219 449 1303 busque
473 1239 551 1302 pene
576 1239 596 1282 a
621 1215 830 1282 Chalcedonis
855 1239 952 1301 usque
976 1217 1018 1281 ad
1044 1216 1244 1303 Byzantium,
1259 1217 1304 1280 ad
1326 1219 1439 1281 instar

331 1317 473 1405 pontium
488 1317 638 1382 tabulatis
652 1324 745 1400 atque
760 1317 919 1394 consertis,
935 1317 1015 1402 petit
1028 1317 1194 1382 Thraciam
1207 1325 1239 1382 et
1254 1317 1409 1382 Moesiam
1423 1343 1434 1393 ;

331 1427 486 1504 ponteque
515 1439 622 1482 rursus
647 1416 679 1480 in
705 1415 850 1481 Danubio
874 1417 942 1501 pari
971 1416 1064 1482 modo
1090 1424 1267 1484 constructo
1304 1419 1437 1482 duobus

331 1519 490 1586 mensibus
506 1517 620 1582 crebris
643 1515 794 1601 fatigatus
807 1516 955 1601 intaphis,
972 1526 1043 1583 octo
1057 1517 1155 1582 millia
1168 1517 1308 1603 perdidit
1323 1541 1434 1583 arma-
1554 1537 1555 1544 ¹

332 1627 448 1684 torum.
493 1617 680 1701 Timensquc
701 1639 741 1682 ne
762 1638 840 1702 pons
861 1616 1000 1682 Danubii
1021 1618 1062 1682 ab
1084 1619 1151 1703 ejus
1172 1617 1363 1683 adversariis
1381 1641 1437 1682 oe-

332 1727 509 1804 cuparetur‚
535 1717 626 1781 celeri
653 1717 728 1801 luga
752 1717 786 1781 iu
813 1716 978 1782 Thraciam
1003 1718 1184 1805 repedavit:
1215 1741 1273 1782 uec
1305 1719 1435 1784 Moesiae

332 1819 433 1884 solum
455 1817 585 1882 credens
609 1817 668 1882 sibi
693 1823 798 1882 tutum
822 1817 887 1882 lore
907 1818 1102 1903 aliquantum
1117 1817 1302 1884 remorandi.
1349 1819 1434 1884 Post
1544 1814 1549 1871 ἶ

333 1917 421 2003 cujus
449 1917 609 1982 decessum
640 1917 755 1981 iterum
781 1915 909 1983 Xerxes
933 1917 1014 1984 lilius
1037 1916 1103 2004 ejus
1126 1927 1272 2004 paternas
1297 1916 1435 2004 iujurias

332 2017 439 2083 ulcisci
454 2039 486 2084 se
503 2017 672 2093 aestimans,
690 2039 761 2082 cum
787 2017 852 2082 suis
878 2018 1033 2096 ducentis,
1060 2028 1092 2084 et
1118 2019 1341 2084 auxiliatorum
1368 2031 1435 2086 tre·
1554 2077 1555 2080 ,

332 2118 432 2183 centis
443 2116 579 2183 millibus
594 2127 799 2195 armatorum,
813 2127 962 2184 rostratas
978 2141 1073 2184 naves
1084 2119 1201 2184 habens
1211 2119 1296 2183 mille
1310 2121 1434 2206 septin-

332 2226 453 2305 gentas,
471 2227 503 2284 et
518 2217 673 2284 onerarias
687 2219 749 2282 tria
762 2217 868 2296 millia,
884 2241 976 2305 super
991 2219 1112 2285 Gothos
1127 2221 1282 2305 profectus
1297 2221 1341 2284 ad
1366 2222 1433 2286 bel-

332 2320 418 2394 lum;
458 2341 516 2384 nec
552 2325 675 2383 tentata
709 2341 743 2383 re
775 2317 807 2382 iu
841 2317 986 2384 conllictu
1020 2321 1191 2406 pravaluit,
1226 2320 1434 2386 animositate

333 2419 515 2486 constantiae
529 2428 703 2504 superatus.
749 2417 802 2483 Sic
816 2440 949 2503 namque
972 2429 1008 2484 ut
1023 2428 1159 2502 venerat,
1181 2420 1298 2504 absque
1322 2421 1432 2506 aliquo

333 2520 502 2586 certamine
525 2543 581 2584 suo
602 2541 674 2584 cum
696 2519 806 2584 rubore
830 2519 967 2585 recessit.
1013 2520 1178 2606 Philippus
1192 2543 1314 2605 quoque
1339 2531 1435 2606 pater

333 2620 509 2686 Alexandri
535 2619 646 2705 Magni
665 2642 737 2684 cum
759 2618 872 2684 Gothis
885 2619 1047 2708 ,amicitias
1070 2621 1226 2706 copulans,
1254 2620 1432 2707 Medopam

334 2721 470 2787 Gothilce
485 2718 581 2784 filiam
595 2719 676 2805 regis
688 2719 808 2805 aceepit
821 2741 959 2800 uxorem,
970 2728 1007 2785 ut
1019 2709 1076 2786 tali
1089 2720 1241 2786 affinitate
1254 2721 1433 2800 roboratus,

336 2821 547 2887 Macedonum
561 2843 656 2905 regna
671 2818 817 2884 firmaret.
863 2821 934 2902 Qua
951 2827 1148 2907 tempestate,
1164 2820 1265 2886 Dione
1279 2821 1434 2888 historico

335 2923 467 3000 dicente,
485 2920 650 3006 Philippus
663 2920 800 3005 inopiam
822 2922 959 3006 pecuniae
982 2943 1099 3007 passus,
1117 2922 1322 2987 Udisitanam
1347 2921 1434 2988 Mos-

335 3023 387 3088 sia
413 3021 575 3086 civitatem
598 3019 758 3086 instructis
782 3021 878 3106 copiis
905 3032 1029 3087 vastare
1057 3023 1219 3100 deliberat,
1248 3044 1319 3108 quae
1353 3032 1434 3088 tuuc

334 3129 461 3208 propter
487 3121 632 3186 viciniam
659 3121 801 3198 Tamiris,
828 3121 941 3188 Gothis
967 3131 1034 3186 erat
1061 3121 1211 3208 subjecta
1274 3122 1374 3187 Unde
1402 3135 1434 3188 et

335 3221 512 3288 sacerdotes
539 3221 715 3286 Gothorum
742 3221 847 3306 aliqui,
874 3223 918 3288 illi
944 3222 996 3306 qui
1021 3222 1072 3286 Pii
1096 3224 1300 3297 vocabantur,
1325 3224 1433 3288 subito

336 3322 500 3407 patefactis
514 3322 612 3407 portis
626 3343 697 3386 cum
712 3322 840 3386 citharis
854 3330 886 3386 et
900 3322 1038 3388 vestibus
1054 3322 1195 3388 candidis
1211 3323 1335 3387 obviam
1356 3333 1433 3388 sunt

337 3422 450 3507 egressi
476 3421 613 3507 paternis
635 3421 704 3497 diis,
729 3429 765 3487 ut
790 3421 849 3487 sibi
874 3422 999 3508 propitii
1024 3423 1212 3488 Macedones
1235 3423 1432 3508 repellerent,

338 3545 412 3588 voce
436 3520 567 3607 supplici
592 3521 797 3591 modulantes.
852 3523 937 3604 Quos
961 3523 1151 3589 Macedones
1175 3524 1220 3588 sic
1246 3522 1436 3588 fiducialiter

338 3623 396 3689 sibi
420 3644 579 3687 occurrere
604 3629 795 3700 contuentes,
818 3630 1020 3708 stupescunt;
1045 3634 1078 3688 et
1101 3625 1128 3689 si
1150 3624 1210 3689 dici
1237 3625 1284 3689 fas
1308 3633 1367 3700 est,
1391 3625 1433 3690 ab

339 3723 506 3788 inermibus
528 3729 674 3786 tenentur
694 3723 817 3788 armati.
870 3723 936 3788 Nec
953 3746 1052 3800 mora,
1069 3725 1136 3790 acie
1150 3723 1262 3802 soluta,
1278 3745 1372 3807 quam
1392 3725 1435 3789 ad

340 3823 454 3889 bellum
471 3830 723 3897 construxerunt,
739 3845 800 3888 non
816 3831 940 3888 tautum
955 3825 994 3888 ab
1009 3825 1095 3889 urbis
1109 3823 1230 3888 excidio
1250 3844 1431 3898 removere;

342 3947 446 3988 verum
469 3923 564 3989 etiam
589 3930 621 3988 et
644 3945 720 4008 quos
741 3924 815 3989 foris
836 3924 961 3988 fuerunt
980 3921 1053 4010 jure
1068 3924 1140 3989 belli
1157 3924 1272 4009 adepti,
1289 3923 1434 3989 reddide-

292 4019 299 4033 '
341 4034 425 4100 runt,
441 4023 612 4109 foedereque
628 4024 705 4088 inito
720 4024 762 4088 ad
776 4045 833 4089 aua
846 4024 960 4090 reversi
975 4033 1059 4090 suut.
1110 4025 1210 4107 Quem
1233 4024 1339 4089 dolum
1354 4035 1435 4109 ⁴post
1495 4017 1499 4024 ’

340 4125 468 4209 longum
496 4132 619 4210 tempus
641 4123 840 4190 reminiscens
865 4124 1006 4211 egregius
1035 4124 1211 4189 Gothorum
1240 4123 1352 4187 ductor
1386 4125 1434 4189 Si-

342 4225 453 4301 talcus‚
470 4224 669 4289 cariturum
686 4225 822 4290 millibus
838 4225 1042 4311 cougregatis,
1059 4224 1304 4290 Atheniensibus
1324 4225 1435 4289 intulit

341 4325 467 4403 bellum,
491 4324 639 4390 adversus
661 4323 844 4389 Perdiccam
869 4325 1063 4390 Macedoniae
1085 4347 1199 4411 regem,
1223 4344 1315 4409 quem
1334 4324 1435 4390 Alex·

342 4426 439 4492 ander
463 4424 547 4511 apud
577 4425 783 4510 Babyloniam
813 4425 945 4490 ministri
976 4425 1093 4490 insidiis
1119 4433 1231 4511 potans
1261 4423 1434 4506 interitum,
