3088 5080
555 443 848 500 Psonucomuun.
1153 431 1247 500 xcvii

150 615 361 693 quantumque
388 607 541 672 Amisiam
565 615 597 671 et
628 605 782 692 Luppiam
809 627 918 672 amnes
946 605 1039 684 inter,
1065 614 1242 682 vastatum

150 708 235 774 baud
257 708 365 794 procul
387 706 645 792 Teutoburgiensi
667 706 759 786 saltu,
776 705 809 769 in
831 728 900 789 quo,
914 706 1050 792 reliquiae
1068 706 1147 771 Vari
1169 709 1246 793 legi-

151 831 307 894 onumque
322 809 484 892 insepulta
500 807 691 872 dicebantur.

195 908 289 976 LXI.
313 908 416 994 lgitur
450 907 563 993 cupido
590 906 745 973 Oaesarem
775 905 896 970 invadit
924 906 1063 972 solvendi
1098 931 1244 992 suprema

149 1009 309 1086 militibus,
326 1009 478 1093 ducique;
503 1015 644 1094 permoto
669 1007 711 1072 ad
737 1007 966 1071 miserationem
990 1009 1084 1084 omni,
1108 1009 1161 1094 qui
1186 1010 1243 1073 ad·

148 1117 227 1188 erat,
255 1109 404 1185 exercitu,
432 1108 472 1173 ob
498 1107 693 1193 propinquos,
722 1107 846 1183 amicos,
872 1107 1003 1191 denique
1018 1108 1059 1172 ob
1074 1131 1163 1174 casus
1177 1109 1244 1174 bel·

148 1209 248 1275 lorum
275 1216 308 1274 et
335 1217 451 1274 semem
474 1207 646 1273 hominum.
705 1206 871 1272 Praemisso
898 1207 1030 1284 (Iscina,
1058 1218 1093 1274 ut
1120 1210 1243 1275 occulta

147 1310 284 1376 saltuum
310 1316 512 1387 scrutaretur,
528 1321 698 1393 pontesque
713 1315 745 1372 et
760 1329 888 1393 aggeres
901 1307 1030 1372 bumido
1044 1309 1194 1394 paludum
1209 1317 1242 1375 et

145 1411 307 1476 fallacibus
321 1410 439 1496 campie
453 1409 634 1494 imponeret,
650 1408 799 1473 incedunt
814 1417 940 1473 moestos
955 1407 1047 1484 lecca,
1062 1410 1189 1494 visuque
1205 1434 1242 1476 ac

144 1512 296 1576 memoria
320 1510 483 1576 deformes.
529 1509 638 1574 Prima
657 1507 733 1573 Vari
758 1515 871 1584 castra,
890 1507 954 1572 lato
977 1509 1108 1588 ambitu,
1133 1520 1165 1575 et
1193 1511 1239 1576 di·

145 1612 259 1677 mensis
285 1610 452 1696 principiis,
478 1611 573 1676 trium
603 1609 758 1694 legionum
785 1630 896 1673 manus
923 1609 1142 1675 ostentabant:
1168 1610 1240 1676 dein

145 1710 293 1776 semiruto
309 1710 400 1788 vallo,
424 1711 534 1775 humili
560 1709 653 1784 fossa,
679 1709 788 1775 accisa
810 1705 880 1793 jam
904 1709 1041 1792 reliquia
1067 1711 1239 1778 consedisse

144 1810 418 1896 intelligebantur:
442 1810 545 1875 medio
569 1809 670 1895 campi
692 1808 830 1874 albentia
858 1831 938 1884 ossa,
964 1817 1000 1874 ut
1026 1809 1179 1897 fugerant,
1202 1823 1239 1877 ut

145 1910 336 1982 restiterant,
378 1907 508 1995 disjecta
550 1910 600 1975 vel
639 1919 806 1995 aggerata:
855 1907 1041 1994 adjacebant
1084 1911 1239 1998 fragmina

144 2011 287 2081 telomm,
311 2032 520 2092 equorumque
544 2017 640 2087 artus,
667 2010 759 2074 simul
781 2010 900 2075 truncis
927 2010 1072 2076 arborum
1100 2011 1238 2078 antefixa

145 2132 219 2183 ora;
242 2108 320 2173 lucis
345 2109 522 2194 propinquis
550 2108 687 2173 barbare
712 2131 784 2186 aree,
810 2108 896 2194 apud
922 2133 999 2193 quas
1023 2111 1174 2188 tribunos,
1200 2137 1237 2178 ac

145 2210 314 2293 primorum
337 2209 480 2273 ordinum
505 2208 699 2273 centuriones
720 2217 955 2274 mactaverant:
992 2218 1024 2275 et
1049 2211 1147 2276 cladis
1171 2212 1238 2298 ejus

145 2309 327 2395 superstites
342 2331 478 2395 pugnam
497 2319 554 2374 aut
577 2308 701 2373 vincula
723 2308 829 2393 elapsi,
858 2308 1046 2386 referebant,
1064 2312 1145 2377 “hic
1159 2315 1237 2378 ceci-

144 2409 225 2474 disse
250 2409 391 2494 legatos:
415 2409 478 2474 illic
502 2421 608 2494 raptas
631 2409 770 2493 aquilas:
795 2407 929 2492 primum
953 2410 1007 2473 ubi
1022 2410 1134 2476 vulnus
1150 2413 1236 2478 Varo

143 2509 313 2583 adactum:
337 2509 392 2575 ubi
419 2510 532 2574 infelici
558 2509 681 2586 dextra,
704 2516 736 2572 et
761 2529 817 2574 suo
838 2507 902 2572 ictu
917 2519 1050 2575 mortem
1064 2511 1233 2577 invenerit:

142 2632 203 2693 quo
230 2609 377 2676 tribunali
403 2610 603 2675 concionatus
618 2608 804 2684 Arminius:
829 2617 904 2693 quot
931 2609 1072 2693 patibula
1094 2614 1234 2697 captivis,

141 2733 210 2794 quse
220 2711 364 2787 scrobes;
389 2719 485 2794 utque
500 2709 595 2796 signis
612 2719 644 2774 et
659 2709 770 2793 aquilis
784 2731 839 2794 per
854 2708 1032 2795 superbiam
1048 2710 1220 2776 inluserit.''

187 2810 302 2876 LXII.
327 2810 428 2896 Igitur
454 2811 625 2886 Romanus,
665 2810 716 2894 qui
752 2810 871 2887 aderat,
909 2809 1073 2892 exercitus,
1109 2821 1234 2880 sextum

141 2921 212 2995 post
227 2910 324 2976 cladis
340 2933 465 2989 annum,
481 2911 576 2976 trium
592 2911 747 2996 legionum
762 2933 841 2995 ossa,
858 2909 942 2974 nullo
958 2921 1102 2976 noscente
1118 2913 1235 2981 alienas

141 3011 285 3096 reliquias
310 3034 350 3076 an
375 3034 500 3077 suorum
525 3011 620 3076 bumo
644 3018 776 3096 tegeret,
801 3032 907 3074 omues
930 3019 966 3074 ut
992 3010 1181 3098 conjunctos,
1198 3025 1234 3080 ut

141 3111 394 3197 consanguineos,
411 3125 505 3176 aucta
529 3111 562 3175 in
589 3112 711 3176 bostem
740 3111 796 3186 ira,
820 3111 922 3174 moesti
950 3111 1042 3176 simul
1068 3122 1100 3178 et
1122 3114 1233 3182 infensi

141 3211 327 3278 condebant.
391 3212 533 3278 Primum
575 3211 764 3276 exstruendo
801 3210 921 3276 tumulo
947 3213 1095 3296 cespitem
1128 3214 1234 3281 Caesar

140 3312 256 3397 posuit,
270 3312 447 3397 gratissimo
462 3334 588 3376 munere
604 3312 635 3376 in
651 3312 827 3386 defunctos,
844 3319 876 3374 et
898 3313 1102 3396 prasentibus
1120 3315 1233 3381 doloris

140 3412 250 3477 socius.
296 3411 388 3493 Quod
404 3412 528 3477 Tiberio
544 3412 628 3476 baud
646 3411 832 3496 probatum:
857 3433 911 3502 seu
927 3421 1041 3476 cuncta
1056 3413 1232 3481 Germanici

139 3512 171 3576 in
198 3512 334 3576 deterius
358 3513 516 3586 trahenti:
545 3512 609 3576 sire
634 3511 805 3576 exercitum
826 3511 962 3596 imagine
980 3535 1130 3578 cesorum
1153 3516 1231 3581 inse-

139 3613 356 3697 pultorumque
372 3613 532 3678 tardatum
547 3611 587 3675 ad
602 3611 717 3696 proelia,
741 3620 773 3676 et
796 3611 1072 3677 formidolosiorem
1096 3614 1232 3680 bostium

139 3713 305 3778 credebat:
345 3721 477 3797 “neque
509 3713 729 3796 imperatorem
756 3719 911 3796 auguratu
947 3721 979 3776 et
1013 3714 1231 3781 vetustissimis

138 3813 320 3878 cerimoniis
333 3813 508 3899 preditum,
524 3812 700 3877 adtrectare
714 3811 820 3876 feralia
835 3811 1007 3876 debuisse.”

183 3911 317 3980 LXIII.
349 3913 412 3980 Sed
445 3913 649 3978 Germanicus
687 3911 848 3976 cedentem
884 3911 917 3976 in
952 3913 1023 3978 avia
1050 3913 1228 3982 Arminium

137 4021 271 4091 secutus,
297 4014 351 4079 ubi
377 4014 511 4100 primum
537 4014 627 4098 copia
651 4013 720 4089 brit,
743 4013 831 4078 evehi
859 4012 987 4096 equites,
1013 4035 1228 4101 campumque,

138 4134 231 4196 quem
248 4114 345 4180 bostis
370 4115 535 4191 insederat,
562 4113 638 4199 eripi
648 4111 752 4200 jubet.
803 4112 966 4179 Arminius
983 4113 1085 4200 colligi
1101 4139 1181 4191 suos.
1196 4129 1230 4184 et

137 4213 343 4298 propinquare
365 4215 449 4280 silvis
469 4213 614 4292 monitos,
630 4214 723 4279 vertit
747 4221 895 4298 repente;
920 4235 994 4280 mox
1016 4215 1137 4300 signum
1160 4242 1229 4304 pro-

137 4313 302 4398 rumpendi
326 4313 412 4380 dedit
435 4315 482 4392 iis,
508 4336 585 4398 quos
597 4337 653 4400 per
666 4315 765 4380 saltus
778 4314 1001 4380 occultaverat.
1045 4315 1134 4382 Tunc
1149 4341 1230 4384 nova

135 4413 203 4477 acie
218 4413 362 4480 turbatus
375 4437 479 4500 eques,
494 4415 655 4500 missaque
670 4413 863 4481 subsidiaria
884 4414 1036 4492 cobortes,
1055 4426 1087 4482 et
1108 4417 1228 4504 fugien-

1050 4517 1070 4580 Ιι
