3158 5122
578 462 853 518 amanuenses.
1060 435 1064 442 ’
1222 448 1259 516 ix

217 624 255 690 In
278 625 408 690 Scanzia
437 647 508 689 vero
531 625 641 700 insula,
665 621 747 687 unde
765 621 854 687 nobis
871 643 971 686 sermo
989 628 1046 700 est,
1065 622 1137 686 licet
1153 622 1260 686 multia

172 733 204 790 et
229 725 357 789 diversae
380 734 526 790 maneant
553 725 703 799 nationes,
732 730 850 809 septem
879 729 984 786 tamen
1011 744 1117 786 earum
1136 722 1262 786 nomina

172 826 314 890 meminit
349 825 545 892 Ptolemaeus.
607 823 644 888 ln
675 820 764 908 cujus
793 830 881 907 perte
906 829 1012 886 arctoa
1039 844 1115 907 gens
1140 821 1262 906 Adogit

174 924 324 1002 consistit,
347 949 414 1010 qnae
435 925 532 989 fertur
553 924 583 988 iu
608 931 716 987 aestate
742 921 845 988 media
869 921 1076 1007 qnadraginta
1096 922 1205 986 diebus
1230 931 1262 985 et

174 1026 318 1090 noctibus
342 1027 426 1090 luces
445 1024 559 1090 habere
584 1023 766 1096 continuam
794 1023 931 1106 itemque
958 1022 1088 1086 brumali
1112 1030 1261 1107 tempore,

176 1125 284 1190 eodem
299 1124 418 1190 diemm
434 1125 629 1207 noctiumque
644 1144 773 1187 numero
788 1123 887 1186 lucem
903 1122 1018 1186 claram
1033 1122 1158 1186 nescire.
1212 1121 1264 1187 lte

176 1225 329 1290 alternato
344 1247 471 1290 maerore
486 1247 556 1288 curn
572 1223 698 1310 gaudio,
714 1219 861 1286 beneficio
884 1221 952 1286 aliis
969 1220 1142 1306 damnoque
1163 1222 1263 1307 impar

178 1335 236 1390 ast.
281 1325 325 1389 Et
350 1327 409 1390 hoc
434 1325 548 1410 queret
609 1322 691 1404 Quia
716 1321 933 1408 prolixioribus
959 1321 1068 1386 diebus
1098 1322 1193 1386 solem
1223 1322 1263 1386 ad

177 1425 326 1490 orientem
348 1448 404 1511 per
428 1425 497 1489 axia
518 1423 689 1508 marginem
714 1421 821 1488 vident
847 1421 1047 1486 redeuntem:
1075 1421 1265 1487 brevioribus

178 1547 250 1590 vero
275 1548 336 1590 non
361 1526 404 1592 sic
428 1523 614 1611 conspicitur
628 1521 712 1608 apud
728 1522 805 1596 illos,
822 1521 876 1587 sed
892 1521 1002 1596 aliter;
1027 1521 1100 1606 qnia
1114 1522 1267 1587 Austrina

177 1626 265 1710 signa
287 1626 447 1710 percurrit,
466 1634 499 1689 et
521 1624 572 1709 qni
592 1623 681 1688 nobis
697 1622 819 1686 videtur
839 1622 882 1688 sol
907 1621 947 1686 ab
968 1622 1030 1685 imo
1053 1645 1187 1706 surgere,
1207 1622 1266 1688 illis

178 1748 233 1810 per
256 1734 345 1790 terrae
369 1725 539 1808 marginem
563 1723 676 1788 dicitnr
701 1723 838 1787 circuire.
890 1722 971 1786 Alica
995 1745 1068 1787 vero
1091 1723 1133 1786 ibi
1157 1732 1267 1807 gentes

180 1826 348 1900 Orefennae,
365 1825 415 1910 qni
438 1825 661 1888 fmmentornm
688 1844 748 1886 non
770 1822 935 1906 quaeritent
958 1821 1092 1888 victum:
1123 1822 1178 1886 sed
1200 1845 1265 1887 car·

180 1925 271 1989 nibus
304 1925 437 1989 ferarum
470 1933 563 2007 atque
588 1923 692 1988 avium
722 1922 842 1987 vivunt.
904 1922 968 1986 Ubi
992 1931 1080 1988 tanta
1102 1923 1267 2008 paludibus

181 2024 292 2089 foetura
316 2024 449 2110 ponitur,
468 2032 503 2087 ut
529 2034 560 2087 ct
587 2031 787 2108 augmentum
817 2031 962 2107 praestent
983 2023 1098 2107 generi,
1121 2039 1153 2088 et
1176 2024 1267 2088 satie-

181 2131 280 2187 tatem
294 2146 331 2188 ac
346 2125 465 2209 copiam
478 2124 574 2208 genti.
619 2122 694 2185 Alia
708 2144 779 2186 vero
793 2143 869 2208 gens
883 2122 925 2186 ibi
943 2133 1081 2187 moratur
1102 2124 1268 2199 suethans,

184 2247 251 2307 quae
268 2225 351 2288 velut
367 2222 528 2308 Thuringi,
545 2223 630 2307 equis
646 2229 777 2286 utuntur
798 2221 930 2286 eximiis.
976 2221 1021 2286 Hi
1044 2246 1163 2307 quoque
1186 2233 1267 2298 sunt,

183 2324 234 2407 qni
258 2324 289 2388 iu
313 2346 387 2389 usus
408 2324 617 2388 Romanorum
634 2321 813 2406 saphirinas
828 2321 923 2407 pelles
937 2323 1119 2387 commercio
1135 2323 1271 2388 interve-

183 2425 287 2488 niente
302 2447 356 2508 per
370 2425 445 2489 alias
460 2423 635 2488 innumeras
649 2429 757 2508 gentes
774 2421 1001 2496 transmittunt,
1018 2422 1127 2487 famosi
1143 2422 1270 2508 pellium

184 2523 295 2588 decora
317 2523 484 2610 nigredine.
532 2523 577 2586 Hi
607 2544 702 2607 quum
729 2521 835 2605 inopes
859 2521 978 2599 vivunt,
1001 2520 1152 2586 ditissime
1178 2523 1271 2587 vesti·

184 2632 288 2688 uutur.
333 2623 512 2709 Sequuntur
526 2622 637 2688 deinde
660 2621 849 2686 diversarum
871 2621 969 2686 turbae
984 2621 1154 2698 nationum,
1169 2622 1271 2686 Then-

186 2723 282 2800 sthes,
312 2723 450 2810 vagoth,
479 2722 602 2810 Bergio,
633 2721 752 2798 Hallin,
786 2720 942 2802 Liothida,
970 2744 1100 2806 quorum
1133 2721 1271 2786 omnium

184 2824 271 2890 sedes
298 2824 356 2889 sub
378 2824 473 2890 humo
501 2823 594 2909 plana
616 2845 652 2887 ac
675 2821 778 2896 fertili,
804 2829 836 2886 et
859 2831 1022 2908 propterea
1043 2821 1118 2886 inibi
1142 2821 1272 2886 aliarum

184 2925 323 3010 gentium
348 2923 572 2990 incursionibus
594 2922 787 2989 infestentur.
833 2922 910 2987 Post
933 2923 991 2988 hos
1016 2921 1168 2998 Athelnil‚
1196 2921 1274 2986 Fin-

185 3025 313 3100 naithae‚
330 3023 449 3102 Fertur,
467 3023 650 3108 Gentigoth,
668 3045 738 3086 acre
759 3023 918 3087 hominnm
941 3044 1048 3108 genus,
1071 3032 1104 3087 et
1129 3021 1170 3087 ad
1192 3022 1274 3088 bella

184 3125 455 3210 promptissimum.
491 3123 613 3188 Dehinc
629 3122 721 3187 mixti
740 3123 889 3207 Evagerae
907 3121 1061 3208 Othingis.
1106 3121 1152 3187 Hi
1168 3145 1273 3188 omnes

187 3225 286 3289 exesis
300 3225 436 3310 rupibus,
454 3223 540 3309 qnasi
556 3223 689 3289 castellis
712 3223 898 3299 inhabitant,
921 3222 984 3287 ritu
1007 3223 1140 3288 beluino.
1193 3223 1274 3288 Sunt

186 3347 226 3387 ex
244 3323 291 3388 his
306 3326 472 3390 exteriores
487 3323 693 3409 Ostrogothoe,
715 3322 919 3396 Raumaricae‚
945 3322 1153 3408 Rangnaricii,
1179 3323 1273 3389 Finni

190 3424 354 3500 mitissimi,
379 3423 515 3489 Scantia
545 3423 715 3488 cultoribus
740 3423 882 3487 omnibus
908 3423 1065 3489 mitiores:
1101 3447 1218 3489 necnon
1242 3433 1274 3489 et

189 3546 279 3610 pares
292 3546 397 3588 corum
416 3523 610 3598 Vinoviloth,
634 3521 789 3597 Suethidi,
814 3523 930 3607 (logeni
953 3524 983 3588 in
1006 3523 1065 3588 hac
1085 3533 1179 3610 geute
1204 3525 1274 3590 reli·

190 3623 258 3708 quis
283 3645 408 3709 corpore
430 3622 654 3700 eminentiores,
670 3623 811 3707 quamvis
825 3632 856 3687 et
875 3623 957 3687 Dani
973 3646 1012 3688 ex
1028 3625 1163 3709 ipsorum
1179 3625 1274 3710 stirpe

190 3724 349 3809 progressi,
368 3723 481 3788 Erulos
496 3721 625 3809 propriis
639 3723 763 3787 sedibus
777 3722 979 3808 expulerunt:
1004 3726 1056 3808 qui
1073 3725 1156 3788 inter
1169 3747 1276 3790 omnes

189 3823 326 3888 Scanziae
341 3825 482 3889 nationes
496 3845 607 3887 nomen
621 3821 681 3887 sibi
697 3823 736 3888 ob
753 3823 880 3887 nimiam
896 3824 1112 3909 proceritatem
1128 3823 1275 3889 affectant

190 3924 387 4008 precipuum.
444 3923 525 3988 Sunt
555 3945 731 4007 quanquam
762 3930 794 3986 et
817 3922 938 3987 illorum
966 3924 1105 4009 positura
1132 3923 1274 4002 Grannii,

190 4024 349 4109 Aganziea,
379 4023 504 4102 Unixae‚
538 4021 712 4109 Ethelrugi,
736 4021 955 4100 Arochiranni,
979 4023 1090 4107 quibus
1116 4046 1177 4088 non
1203 4033 1277 4089 ante

190 4145 304 4200 ornnes,
323 4123 378 4188 sed
393 4131 465 4188 ante
480 4124 594 4189 multos
609 4145 705 4188 annos
720 4121 841 4187 Rodulf
851 4145 906 4187 rex
921 4123 1000 4188 fnit:
1029 4123 1081 4208 qui
1099 4132 1277 4210 contempto

191 4224 314 4309 proprio
328 4245 432 4309 regno,
448 4223 488 4287 ad
504 4223 686 4289 Theoderici
703 4223 877 4288 Gothorum
893 4223 973 4307 regis
993 4224 1144 4308 gremium
1167 4246 1278 4289 convo·

192 4324 279 4400 lavit,
295 4331 327 4387 et
340 4331 376 4387 ut
391 4323 597 4398 desiderabat,
613 4323 741 4388 invenit.
787 4322 850 4386 Hae
867 4323 972 4406 itaque
995 4332 1104 4409 gentes
1129 4324 1279 4389 Romanis

192 4447 318 4511 corpore
335 4431 368 4488 et
384 4426 487 4488 animo
501 4422 688 4508 grandiores,
704 4423 823 4488 infeste
839 4422 958 4488 saevitia
972 4446 1092 4510 pugnae.
