3088 5080
322 403 448 474 lxxxiv
600 412 677 469 run
699 411 880 468 euausuu
904 411 952 468 or
976 413 1142 470 neonus.

367 573 468 638 XIV.
493 571 628 638 Druides
657 594 677 636 a
705 569 787 634 bello
811 571 917 636 abesse
946 579 1143 650 consuerunt,
1166 595 1265 658 neque
1291 572 1424 639 tributa

324 697 482 740 unacum
511 674 636 758 reliquis
663 670 827 757 pendunt;
854 669 973 736 militiae
998 672 1192 738 vacationem
1217 674 1426 759 omniumque

327 799 430 841 rerum
464 773 579 838 habeat
611 772 852 837 immunitatem.
912 772 1022 837 Tantis
1049 771 1178 838 excitati
1211 774 1358 859 praemiis,
1391 784 1426 839 et

327 899 384 943 sua
398 885 507 960 sponte
530 873 622 939 multi
646 873 678 937 in
704 870 896 958 disciplinam
921 873 1116 949 conveniunt,
1142 881 1174 937 et
1198 875 1428 959 aparentibus

327 976 567 1062 propinquisque
593 974 774 1038 mittuntur.
830 972 982 1058 Magnum
1014 973 1058 1036 ibi
1083 995 1246 1039 numerum
1273 997 1425 1040 versuum

329 1078 464 1142 ediscere
477 1075 643 1140 dicuntur:
668 1074 773 1157 itaque
794 1095 891 1138 annos
913 1073 1051 1137 nonnulli
1066 1073 1191 1140 vicenos
1211 1075 1244 1138 in
1258 1075 1428 1160 disciplina

327 1184 519 1264 permanent.
565 1175 673 1259 Neque
697 1173 743 1238 fas
767 1195 832 1238 csse
856 1172 1049 1249 existimant,
1067 1197 1104 1238 ca
1123 1173 1236 1238 litteris
1258 1176 1424 1253 mandare,

327 1301 424 1362 quum
451 1278 483 1341 in
504 1275 630 1359 reliquis
652 1275 715 1338 fere
740 1273 841 1350 rebus,
862 1272 994 1358 publicis
1018 1273 1207 1358 privatisque
1237 1275 1426 1352 rationibus,

329 1378 447 1443 Graecis
461 1383 592 1441 utantur
606 1374 727 1438 litteris.
781 1373 820 1437 Id
834 1373 911 1437 mibi
927 1372 1048 1439 duabus
1062 1372 1101 1438 de
1119 1376 1236 1440 caussis
1249 1376 1428 1441 instituisse

329 1479 498 1550 videntum
535 1474 618 1560 quod
640 1497 739 1559 neque
761 1473 793 1537 iu
817 1474 943 1558 vulgum
965 1473 1158 1560 disciplinam
1188 1475 1290 1540 efferri
1311 1476 1426 1552 velint,

330 1600 429 1663 neque
461 1599 523 1654 eos,
559 1575 612 1659 qui
650 1573 781 1652 discant,
816 1574 929 1639 litteris
960 1575 1101 1652 confisos,
1130 1575 1233 1641 miuus
1262 1578 1427 1641 memoriae

330 1679 476 1748 studere;
503 1677 585 1760 quod
607 1675 671 1738 fere
693 1674 844 1760 plerisque
866 1674 991 1751 accidit,
1015 1683 1052 1739 ut
1075 1675 1218 1761 prasidio
1243 1675 1427 1742 litterarum

329 1777 526 1863 diligentiam
563 1776 595 1838 iu
631 1773 832 1860 perdiscendo
867 1797 904 1838 ac
937 1775 1118 1840 memoriam
1147 1776 1322 1841 remittant.
1386 1777 1429 1842 Iu

330 1877 438 1964 primis
458 1877 518 1940 hoc
539 1876 648 1939 volunt
671 1873 865 1960 persuadere,
895 1897 957 1940 non
982 1875 1108 1940 interire
1132 1876 1261 1954 animas,
1294 1877 1353 1942 sed
1385 1879 1429 1942 ab

331 1978 400 2043 aliis
422 1985 492 2062 post
517 1984 649 2040 mortem
672 1975 802 2040 transire
823 1975 866 2038 ad
887 1975 984 2040 alios:
1009 1983 1103 2059 atque
1129 1978 1188 2041 hoc
1216 1978 1356 2042 maxime
1384 1979 1429 2042 ad

330 2078 479 2143 virtutem
494 2075 624 2140 excitari
641 2084 763 2160 putant,
790 2083 878 2140 matu
901 2075 1010 2140 mortis
1025 2077 1176 2162 neglecto.
1223 2078 1330 2142 Multa
1348 2103 1429 2163 prae-

330 2187 417 2243 terea
434 2177 473 2241 de
488 2175 640 2242 sideribus
656 2183 749 2259 atque
764 2197 870 2240 eorum
893 2182 991 2250 motu,
1010 2175 1049 2241 de
1070 2178 1179 2242 mundi
1204 2199 1241 2242 ac
1266 2186 1427 2244 terrarum

330 2277 556 2364 magnitudine,
573 2276 611 2341 de
631 2299 733 2340 rerum
747 2283 870 2351 natura,
887 2276 926 2340 de
942 2276 1071 2341 deorum
1088 2278 1311 2342 immortalium
1327 2280 1363 2344 vi
1385 2303 1427 2344 ac

331 2387 489 2465 potestate
504 2377 665 2462 disputant
680 2385 712 2441 et
721 2373 883 2462 juventuti
899 2377 1073 2441 transdant.

376 2479 458 2544 XV.
480 2478 627 2543 Alterum
656 2499 755 2568 genus
780 2485 827 2542 est
855 2477 1005 2560 equitum.
1052 2477 1108 2554 Hi,
1141 2501 1237 2562 quum
1261 2485 1310 2544 est
1337 2503 1429 2556 usus,

331 2590 426 2665 atquo
453 2578 580 2665 aliquod
604 2577 719 2642 bellum
744 2577 853 2642 incidit
878 2577 976 2661 (quod
1000 2586 1073 2642 ante
1100 2577 1230 2644 (laseris
1254 2579 1433 2645 adventum

330 2683 395 2747 fere
411 2679 575 2766 quotannis
590 2678 728 2742 accidere
746 2677 874 2756 solebat,
889 2677 937 2742 uti
958 2685 1014 2742 aut
1036 2678 1095 2764 ipsi
1114 2678 1244 2766 iujurias
1266 2680 1432 2758 inferrent,

331 2790 388 2846 aut
416 2780 519 2844 illatas
543 2778 786 2863 propulsarent),
811 2800 918 2843 omnes
948 2777 980 2842 in
1009 2778 1089 2843 bello
1116 2788 1299 2845 versantur:
1330 2789 1433 2865 atque

331 2903 439 2945 eorum
454 2877 629 2962 utquisque
643 2885 691 2942 est
703 2899 815 2962 genere
826 2877 981 2963 copiisque
990 2879 1207 2964 amplissimus,
1220 2882 1268 2946 ita
1276 2881 1433 2966 plurimos

330 2981 449 3044 circum
464 3002 496 3044 se
519 2977 678 3042 ambactos
695 2977 881 3062 clientesque
902 2979 1029 3044 babent.
1075 2978 1169 3045 Hanc
1184 3005 1277 3046 unam
1293 2983 1434 3066 gratiam

332 3080 565 3164 potentiamque
580 3087 741 3143 noverunt.

378 3180 480 3244 XVI.
503 3177 599 3243 Natio
632 3187 681 3244 est
711 3179 811 3243 omnis
836 3177 996 3244 Gallorum
1025 3178 1195 3245 admodum
1223 3179 1330 3246 dedita
1357 3183 1435 3247 rali-

334 3281 496 3368 gionibus3
521 3285 614 3362 atque
640 3279 764 3343 obeam
781 3301 931 3354 caussam,
949 3279 1001 3363 qui
1016 3289 1089 3346 sunt
1103 3281 1218 3346 adfecti
1233 3282 1434 3366 gravioribus

334 3381 459 3456 morbis,
490 3380 602 3464 quique
631 3379 663 3444 in
694 3379 808 3464 proeliis
838 3379 1041 3464 periculisque
1075 3391 1248 3454 versantur,
1278 3390 1334 3446 aut
1370 3407 1433 3468 pro

333 3481 471 3546 victimis
495 3480 635 3545 homines
657 3479 828 3558 immolant,
853 3487 908 3544 aut
933 3502 966 3544 so
991 3480 1206 3547 immolaturos
1227 3491 1342 3548 vovent
1369 3486 1434 3549 ad-

335 3581 543 3665 ministrisque
564 3581 606 3644 ad
636 3602 673 3644 ea
696 3577 845 3644 sacrificia
872 3579 1044 3646 Druidibus
1071 3588 1223 3656 utuntur;
1251 3583 1342 3668 quod,
1373 3607 1435 3668 pro

334 3683 402 3748 vita
432 3681 565 3746 hominis
594 3681 651 3745 uisi
683 3679 816 3744 hominis
846 3679 912 3744 vita
939 3680 1098 3759 reddatur,
1126 3704 1188 3746 non
1219 3705 1307 3768 posse
1336 3685 1437 3750 aliter

335 3784 465 3848 deorum
488 3781 709 3846 immortalium
731 3803 845 3845 numen
868 3780 983 3866 placari
1005 3781 1217 3847 arbitrantur:
1247 3783 1437 3868 publiceque

334 3882 475 3970 ejusdem
511 3882 631 3966 generis
666 3881 783 3945 habeut
816 3881 962 3946 instituta
992 3880 1150 3947 sacrificia.
1202 3883 1268 3948 Alii
1299 3883 1436 3952 immani

337 3981 553 4068 magnitudine
578 3981 743 4046 simulacra
768 3981 894 4058 habeut,
923 4004 1051 4064 quorum
1082 3991 1231 4047 contexta
1259 3983 1435 4052 viminibus

337 4084 479 4147 membra
500 4081 578 4146 vivis
600 4080 775 4144 hominibus
797 4081 963 4166 complent,
986 4083 1097 4166 quibus
1119 4081 1281 4162 succensis,
1297 4084 1438 4149 circum-

337 4184 422 4248 venti
450 4180 576 4246 flamma
604 4180 822 4246 exanimantur
849 4182 999 4247 homines.
1046 4182 1204 4268 Supplicia
1231 4207 1347 4260 eorum,
1379 4187 1438 4270 qui
1531 4235 1532 4240 η

338 4287 370 4350 in
393 4284 487 4360 furto,
504 4288 559 4346 aut
581 4281 613 4346 iu
632 4280 803 4359 latrocinio,
818 4289 874 4346 aut
897 4282 1000 4367 aliqua
1021 4305 1105 4348 noxa
1118 4283 1181 4347 siut
1206 4285 1436 4370 comprehensi,

337 4386 476 4469 gratiora
503 4382 563 4447 diis
587 4381 814 4447 immortalibus
835 4405 900 4449 esse
922 4383 1135 4458 arbitrantur;
1161 4384 1226 4462 sed,
1245 4407 1339 4468 quum
1363 4384 1436 4471 ejus
