3088 5080
458 479 462 486 .
576 434 873 492 nnonnuounnu.
1171 419 1273 490 lxxix

177 623 209 668 se
241 599 326 686 apud
354 621 426 666 eum
456 598 535 665 velle
564 597 723 664 dixemnt.
777 596 840 664 His
863 597 969 664 (laser
997 596 1176 664 libertatem
1201 621 1275 664 cou-

177 703 281 768 cessit.

223 801 325 867 XVI.
348 799 534 866 Germanico
560 797 640 864 bello
668 800 820 876 coniecto,
838 798 946 864 multis
971 798 1011 864 de
1037 798 1153 864 caussis
1171 797 1275 864 Oaesar

181 903 304 978 statuit,
334 901 392 967 sibi
421 901 565 965 Rhenum
596 921 662 964 esse
687 899 935 966 transeundum:
973 922 1103 985 quarum
1133 899 1188 964 illa
1215 899 1274 964 fuit

175 1000 467 1089 justissimeque,
491 1022 587 1084 quum
604 1000 735 1078 videret,
755 1001 930 1065 Germanos
946 1007 1013 1065 tam
1035 999 1124 1065 facile
1147 999 1274 1085 impelli,

180 1112 217 1169 ut
235 1104 266 1167 in
284 1102 419 1166 Galliam
435 1101 587 1177 venirent,
611 1101 675 1167 suis
700 1123 819 1185 qnoque
844 1099 937 1166 rebus
962 1123 1014 1166 eor
1038 1101 1148 1166 timere
1163 1100 1273 1178 voluit,

180 1225 275 1288 quum
290 1201 509 1288 intelligerent,
526 1209 558 1265 et
580 1223 670 1286 posse
691 1211 723 1266 et
739 1201 854 1266 andere
876 1200 982 1286 populi
998 1201 1131 1266 Romani
1156 1201 1277 1265 exerci-

179 1313 247 1369 tum
264 1302 410 1368 Rhenum
427 1301 569 1366 transire.
625 1301 768 1368 Accessit
785 1302 890 1380 etiam,
918 1302 1000 1386 quod
1022 1301 1077 1366 illa
1095 1323 1168 1386 pars
1189 1301 1276 1384 equi-

179 1413 268 1470 tatus
285 1403 455 1488 Usipetum
471 1410 503 1466 et
519 1401 796 1480 Tenchtheromm,
812 1423 905 1486 quam
921 1423 1014 1487 supra
1037 1401 1275 1466 commemoravi

179 1503 340 1591 predandi
379 1501 652 1586 frumentandique
681 1525 791 1568 caussa
821 1501 945 1567 Mosam
983 1502 1140 1578 transisse,
1175 1523 1275 1586 neque

180 1605 286 1692 proelio
308 1603 495 1681 interfuisse,
518 1610 589 1688 post
616 1601 723 1688 fugam
752 1624 878 1668 snorum
906 1625 938 1668 se
959 1610 1048 1668 trans
1072 1601 1219 1668 Rhenum
1243 1602 1275 1666 iu

181 1703 258 1770 fines
282 1703 514 1791 Sipumbrorem
533 1711 692 1788 receperat
706 1725 806 1787 neque
822 1725 893 1768 cnm
908 1703 946 1768 iis
960 1700 1174 1788 conjunxerat.
1219 1702 1274 1767 Ad

182 1827 258 1889 quos
283 1825 378 1889 quum
394 1803 500 1870 Caesar
524 1804 653 1868 nuncios
677 1803 821 1881 misisset,
839 1803 893 1888 qui
917 1803 1121 1889 postularent,
1136 1825 1198 1880 cos,
1222 1803 1274 1887 qui

181 1905 240 1970 sibi
256 1903 427 1986 Galliaque
442 1902 559 1969 bellum
572 1903 759 1982 intulissent,
776 1904 834 1969 sibi
852 1903 1013 1982 dederent,
1029 1903 1274 1990 responderunt:

184 2011 205 2040 “
223 2003 339 2087 Populi·
353 2003 489 2067 Romani
503 2003 666 2088 imperium
681 2004 827 2069 Rhenum
842 2001 950 2070 finire:
975 2005 1010 2081 si,
1034 2027 1066 2070 se
1081 2003 1180 2069 invito
1198 2002 1276 2069 Ger·

184 2123 293 2168 manos
316 2103 349 2167 in
365 2101 499 2167 Galliam
522 2103 662 2182 mansue,
685 2125 746 2168 non
770 2125 892 2188 aequum
916 2105 1120 2183 existimaret,
1148 2127 1204 2169 cur
1228 2106 1275 2170 sui

183 2203 352 2288 quidquem
378 2223 444 2268 esse
469 2201 589 2287 imperii
614 2210 669 2266 aut
694 2205 859 2287 potestatis
884 2211 971 2270 trans
996 2204 1141 2269 Rhenum
1166 2212 1276 2291 postu·

183 2303 307 2368 laretl”
351 2301 429 2367 Ubii
451 2310 569 2377 autem,
593 2301 645 2385 qui
665 2303 719 2366 uni
740 2325 780 2367 ex
803 2305 1035 2370 transrhenanis
1058 2303 1099 2368 ad
1118 2303 1274 2370 Gaesarem

182 2404 302 2489 legatos
317 2403 475 2480 miserant,
488 2402 656 2468 amicitiam
674 2402 821 2481 fecerant,
839 2403 962 2470 obsides
977 2403 1138 2482 dederant,
1149 2427 1276 2490 magno-

183 2527 256 2590 pere
270 2503 412 2582 umbant,
429 2509 449 2538 “
460 2511 496 2568 ut
510 2501 569 2568 sibi
584 2501 736 2568 auxilium
750 2503 855 2580 ferret,
871 2504 954 2588 quod
963 2505 1101 2590 graviter
1110 2505 1150 2570 ab
1167 2504 1276 2570 Suevis

181 2612 417 2690 premerenturs
460 2604 519 2680 vel,
555 2602 580 2668 si
612 2603 645 2668 id
676 2603 777 2668 iacere
811 2604 1067 2690 occupationibus
1098 2603 1273 2690 reipublice

181 2703 407 2790 prohiberetur,
426 2705 597 2769 exercitum
620 2703 713 2768 modo
728 2705 874 2769 Rhenum
895 2711 1144 2790 transportaret:
1168 2704 1203 2769 id
1216 2706 1275 2770 sibi

181 2804 223 2870 ad
240 2804 391 2870 auxilium
411 2827 558 2890 spemque
577 2804 686 2888 reliqui
701 2805 850 2891 temporis
873 2805 951 2871 satis
965 2805 1126 2870 firtnmm:
1150 2811 1274 2870 tantum

182 2927 249 2970 esse
264 2925 375 2970 nomen
391 2913 484 2989 atque
499 2905 675 2990 opinionem
694 2902 760 2992 ejus
782 2906 947 2984 exercitus,
964 2906 1124 2971 Ariovisto
1138 2905 1227 2990 pulso
1242 2915 1275 2971 et

182 3005 243 3069 hoc
266 3005 432 3070 novissimo
457 3005 564 3090 proelio
589 3005 683 3083 facto,
709 3005 804 3070 etiam
833 3004 875 3070 ad
897 3006 1025 3072 ultimas
1047 3006 1274 3072 Germanorum

182 3105 333 3182 nationes,
363 3106 409 3169 uti
436 3105 579 3190 opinione
604 3113 636 3172 et
661 3105 801 3171 amicitia
830 3107 935 3192 populi
963 3107 1096 3172 Romani
1122 3107 1184 3171 tuti
1209 3129 1275 3173 esse

182 3203 333 3290 possint.''
378 3205 515 3270 Navium
537 3227 683 3291 maguam
700 3205 820 3291 copiam
837 3205 878 3270 ad
894 3206 1170 3293 transportandum
1187 3229 1275 3274 exer·

182 3305 279 3370 eitum
295 3305 529 3390 pollicebantur.

227 3404 348 3470 XVII.
371 3405 475 3471 Caesar
503 3405 551 3471 his
584 3406 623 3470 de
647 3405 774 3484 caussis,
810 3428 887 3490 quas
919 3409 1168 3486 commemoravi,
1192 3407 1275 3472 Rhe·

181 3525 257 3570 num
284 3505 416 3570 transire
442 3504 641 3581 decreverat3
671 3506 726 3571 sed
749 3507 880 3572 navibus
904 3507 1048 3583 transire,
1072 3530 1171 3592 neque
1199 3509 1276 3574 satis

181 3614 287 3671 tutum
312 3627 378 3672 esse
401 3605 623 3685 arbitrabatur,
650 3627 751 3690 neque
781 3628 843 3672 sua
881 3629 980 3692 neque
1008 3607 1114 3692 populi
1141 3607 1275 3672 Romani

181 3706 345 3793 dignitatis
374 3727 440 3771 esse
471 3707 640 3774 statuebat.
701 3704 822 3791 Itaque,
853 3707 912 3771 etsi
949 3727 1071 3772 summa
1110 3705 1276 3774 difficultas

180 3807 318 3872 faciundi
341 3805 444 3892 pontis
461 3807 691 3892 proponebatur
708 3814 834 3892 propter
850 3806 1058 3885 latitudinem,
1075 3807 1275 3893 rapiditatem

180 3907 441 3991 altitudinemque
472 3903 616 3984 fluminis,
645 3914 752 3970 tamen
784 3905 814 3970 id
846 3906 907 3972 sibi
935 3907 1196 3986 contendendum,
1219 3918 1275 3974 aut

181 4005 273 4072 aliter
285 4029 349 4071 non
364 4005 629 4072 transducendum
645 4006 826 4082 exercitmu,
844 4007 1056 4072 existimabat.
1108 4009 1275 4074 annonem

182 4107 286 4191 pontis
299 4107 381 4172 hauc
401 4107 550 4172 instituit.
596 4107 698 4192 Tigna
725 4107 800 4172 bina
821 4107 1057 4193 sesquipedalia,
1073 4109 1213 4194 paullum
1235 4109 1275 4174 ab

181 4205 244 4270 imo
270 4215 436 4292 praeacuta,
470 4207 611 4272 dimensa
635 4207 676 4272 ed
704 4207 904 4272 altitudinem
938 4205 1083 4286 fluminis,
1112 4209 1276 4274 intervallo

181 4305 297 4391 pedum
314 4307 445 4372 duorum
468 4308 604 4374 interae
625 4305 792 4396 jungebat.
856 4306 935 4372 Haec
961 4331 1057 4393 quum
1073 4311 1277 4375 machinatio-

180 4405 274 4472 nibus
291 4405 429 4474 immissa
455 4407 488 4474 in
515 4405 642 4500 dumen-
658 4405 811 4475 defixerat
828 4405 1005 4494 fistucisque
1029 4410 1190 4496 adegerat,
1214 4431 1276 4475 non
