3158 5122
314 429 363 498 xii
588 443 666 498 raa
690 441 870 497 casurus
896 442 945 496 or
969 442 1132 497 racrrus

312 604 364 688 qui
390 603 432 668 ad
457 604 625 668 Ponticum
650 625 734 667 maro
758 609 935 680 curvantur,
960 624 980 666 a
1008 601 1163 667 Danastro
1191 604 1418 671 extenduntur

312 727 409 788 usqne
438 703 480 768 ad
509 704 709 769 Danubium:
734 725 803 786 quae
830 700 958 767 flumina
984 695 1092 767 multis
1122 705 1336 770 mansionibus
1367 707 1415 770 ab

313 803 444 868 invicem
460 803 582 870 absunt.
635 802 689 866 Ad
707 804 781 867 litus
795 811 899 867 antem
923 802 1048 877 Oceani,
1068 801 1119 866 ubi
1143 803 1242 870 tribus
1263 805 1415 872 faucibus

314 901 431 968 fluenta
447 903 580 968 Vistulae
602 900 737 968 fluminis
758 902 934 980 ebibuntur,
952 901 1104 966 vidioarii
1125 904 1271 980 resident,
1294 928 1337 970 ex
1361 905 1414 969 di-

312 1004 409 1069 versis
423 1002 600 1069 nationibus
613 1005 784 1090 aggregati.
830 1002 907 1068 Post
925 1025 1001 1086 qnos
1018 1003 1115 1088 ripam
1130 1002 1246 1069 Oceani
1260 1004 1410 1070 itemesti

301 1111 430 1181 tanam,
447 1112 592 1190 pacatum
616 1103 776 1169 hominnm
799 1125 897 1188 genus
922 1103 1056 1169 omnino.
1101 1103 1220 1184 Quibus
1241 1106 1272 1170 in
1294 1115 1409 1171 austro

311 1203 433 1270 adsedit
463 1227 539 1290 gens
568 1204 791 1289 Agazzirorom
823 1203 999 1280 fortissima,
1027 1202 1151 1288 frugum
1182 1205 1299 1290 ignara,
1333 1229 1406 1290 quse

311 1305 473 1389 pecoribus
498 1313 530 1370 et
552 1304 767 1369 venationibus
787 1303 921 1368 victitet.
966 1302 1062 1367 Ultra
1083 1325 1159 1387 quos
1180 1303 1410 1370 distenduntur

312 1427 406 1489 sopra
419 1427 504 1470 mare
523 1404 690 1468 Ponticum
706 1402 910 1488 Bulgarorum
925 1402 1022 1479 sedes,
1040 1424 1116 1486 qnos
1133 1405 1308 1470 notissimos
1332 1428 1408 1490 pec-

311 1513 451 1570 catorum
476 1513 651 1570 nostrorum
681 1504 897 1568 malefacere.
954 1502 1044 1576 ,Hinc
1064 1501 1132 1588 jam
1165 1504 1285 1580 Hunni,
1311 1507 1405 1589 qnasi

310 1604 546 1670 fortissimarum
560 1604 700 1690 gentium
714 1602 957 1668 iracundissimus
971 1611 1085 1689 cespes,
1101 1603 1132 1667 in
1147 1603 1289 1670 bifariam
1303 1627 1404 1690 popu-

310 1703 409 1768 lorum
440 1704 557 1768 rabiem
585 1702 784 1787 pullularunt.
840 1702 921 1767 Nam
950 1703 1002 1767 alii
1028 1702 1198 1788 Aulziagri,
1223 1705 1275 1768 alii
1306 1705 1402 1770 Aniri

311 1811 539 1888 nuncupantur,
562 1803 614 1887 qui
629 1810 733 1866 tamen
750 1802 837 1868 sedes
851 1803 967 1868 habent
983 1803 1129 1869 diversae.
1180 1803 1284 1868 Juxta
1302 1804 1402 1869 Cher·

310 1925 415 1970 sonem
435 1903 604 1988 Aulaiagri,
629 1925 689 1986 quo
712 1903 797 1968 Asiae
820 1903 901 1968 bona
925 1903 1035 1968 avidus
1060 1913 1212 1968 mercator
1238 1904 1400 1989 importat,

310 2002 361 2086 qni
387 2009 498 2068 aestate
522 2025 648 2088 campos
662 2012 871 2089 pervagantur
885 2003 1006 2078 effusos,
1026 2004 1114 2068 sedes
1128 2003 1286 2082 habentes,
1305 2017 1400 2090 prout

308 2112 519 2169 armentorum
540 2103 740 2169 inritaverint
762 2102 897 2188 pabula;
931 2103 1042 2189 hyeme
1065 2125 1157 2189 snpra
1179 2127 1262 2168 mare
1286 2105 1397 2169 Ponti-

310 2224 381 2268 cum
398 2225 430 2270 se
448 2203 623 2268 referentes.
675 2202 841 2290 Hunngari
856 2210 960 2268 autem
978 2203 1049 2268 hinc
1064 2215 1136 2268 sunt
1160 2205 1235 2281 noti,
1259 2205 1332 2288 quia
1356 2206 1398 2269 ab

310 2303 384 2389 ipsis
406 2302 531 2390 pellium
554 2303 743 2368 murinarum
767 2304 852 2368 venit
873 2304 1110 2368 commercium:
1138 2326 1214 2388 quos
1235 2311 1398 2369 tantorum

308 2403 444 2470 virorum
471 2403 648 2468 formidavit
677 2403 818 2468 andacia.
880 2404 1018 2484 Quorum
1047 2403 1236 2468 mansionem
1264 2405 1398 2489 primam

309 2525 374 2568 csse
398 2504 430 2568 in
454 2503 592 2591 Scythia
616 2503 690 2582 solo,
712 2501 808 2589 juxta
832 2503 976 2590 paludem
1006 2503 1196 2580 Maeotidem,
1213 2505 1349 2568 secundo
1366 2506 1397 2570 in

311 2604 432 2681 Moesia,
453 2603 659 2689 Thraciaque,
682 2611 714 2668 et
738 2603 846 2677 Dacia,
871 2603 965 2668 tertio
988 2625 1081 2689 snpra
1107 2627 1191 2668 mare
1216 2603 1395 2680 Ponticum,

309 2727 414 2772 narsus
435 2705 467 2769 in
490 2703 621 2791 Scythia
642 2703 772 2789 legimus
793 2702 969 2768 habitasse:
994 2725 1050 2768 nec
1072 2726 1178 2768 eorum
1200 2703 1320 2769 fabulae
1338 2704 1397 2769 ali·

308 2805 379 2870 cubi
393 2805 563 2890 reperimus
577 2803 715 2890 scriptas,
731 2803 783 2888 qui
798 2825 851 2869 eos
865 2803 973 2869 dicunt
987 2803 1020 2868 in
1036 2803 1209 2881 Britannia,
1223 2803 1271 2869 vel
1285 2803 1318 2868 in
1332 2827 1398 2870 una

306 2905 444 2989 qnalibet
470 2905 639 2970 insularum
668 2905 699 2969 in
725 2903 906 2969 servitutem
932 2904 1085 2982 redactos,
1109 2912 1141 2968 et
1168 2904 1259 2968 nnius
1284 2904 1397 2970 caballi

306 3005 406 3090 pretio
434 3005 589 3089 quondam
616 3004 802 3089 redemptos.
848 3003 917 3068 Aut
933 3010 1016 3068 certe
1031 3003 1056 3068 ei
1074 3002 1142 3087 qnis
1164 3027 1215 3069 eos
1236 3003 1326 3069 aliter
1347 3005 1397 3070 di-

308 3105 390 3170 xerit
409 3105 440 3169 in
460 3114 566 3170 nostro
588 3105 671 3182 orbe,
695 3127 786 3189 quarn
806 3103 887 3190 quod
912 3125 966 3168 nos
983 3103 1129 3181 diximus,
1146 3104 1240 3170 fuisse
1257 3111 1395 3182 exortos,

307 3204 395 3269 nobis
421 3204 537 3289 aliquid
562 3205 731 3291 obstrepit:
763 3227 819 3269 nos
846 3203 927 3270 enim
951 3203 1054 3289 potius
1077 3203 1201 3269 lectioni
1227 3204 1395 3281 credimus,

306 3325 400 3388 quern
415 3303 527 3370 fabulis
542 3305 674 3370 anilibus
688 3305 906 3370 consentimus.
951 3302 1000 3368 Ut
1017 3326 1090 3388 crgo
1107 3303 1149 3368 ad
1165 3313 1304 3369 nostrum
1323 3327 1397 3389 pro·

306 3405 441 3489 positum
456 3405 631 3478 redeamus,
648 3405 679 3468 in
696 3405 797 3488 prima
819 3412 907 3489 parte
933 3403 1071 3489 Scythia
1089 3401 1186 3489 juxte
1211 3404 1396 3469 Maeotidem

305 3513 535 3570 commanentes
552 3503 683 3589 praefati,
698 3503 780 3568 unde
795 3503 956 3587 loquimur,
976 3502 1104 3568 Filimer
1125 3527 1229 3589 regem
1250 3505 1398 3571 habuisse

305 3612 483 3670 noscuntur.
536 3603 574 3668 In
589 3603 734 3678 secundo,
751 3602 855 3680 idest,
872 3603 989 3680 Daciae,
1006 3604 1207 3689 Thraciaque
1224 3613 1256 3669 et
1274 3604 1396 3670 Moesias

305 3706 369 3770 solo
396 3704 580 3780 Zamolxen‚
609 3726 700 3789 quern
729 3704 813 3768 mirae
839 3703 1057 3791 philosophica
1086 3704 1267 3770 eruditionis
1299 3704 1397 3770 finisse

305 3812 461 3870 testantur
474 3805 610 3891 plerique
625 3805 789 3891 scriptores
802 3804 970 3870 annalium.
1016 3805 1145 3876 Namct
1160 3804 1295 3869 Zeutam
1310 3805 1397 3888 prins

304 3904 480 3970 habuerunt
494 3905 659 3984 eruditum,
674 3905 854 3991 postellam
870 3905 1050 3982 Diceneum,
1067 3903 1194 3968 tertium
1209 3904 1395 3984 Zamolxen‚

305 4003 344 4069 de
365 4027 425 4089 qno
450 4006 589 4092 superins
606 4005 750 4073 diximus.
797 4005 868 4070 Nec
884 4003 1059 4079 defuerunt,
1074 4003 1127 4087 qni
1141 4027 1194 4069 eos
1210 4004 1397 4090 sapientiam

306 4105 472 4170 erudirent.
519 4105 614 4171 Unde
630 4114 661 4172 et
676 4129 754 4193 pene
769 4105 911 4171 omnibus
925 4105 1064 4170 barbaris
1079 4103 1176 4168 Gothi
1192 4104 1397 4189 sapientiores

305 4227 426 4292 semper
453 4207 635 4285 extiterunt,
651 4208 828 4291 Graecisque
850 4227 927 4291 pene
944 4205 1126 4281 consimiles,
1144 4211 1181 4269 ut
1206 4203 1300 4270 refert
1318 4205 1395 4282 Dio,

306 4307 357 4391 qui
371 4305 516 4372 historias
538 4331 642 4372 eornm
664 4307 849 4390 annalesque
875 4305 984 4369 Graeco
1006 4303 1077 4370 stilo
1099 4305 1280 4390 composuit.
1333 4305 1397 4386 Qui

307 4406 387 4472 dixit
412 4406 545 4494 primunr
570 4407 783 4486 Tarabostcos,
803 4405 914 4470 deinde
929 4405 1083 4470 vocitatos
1105 4404 1243 4471 Pileatos
1257 4406 1323 4484 hos,
1341 4407 1396 4491 qui
