3144 5080
598 451 892 509 ruonnoonam.
1194 435 1297 506 lxxiii

583 637 654 683 GAES.
670 639 755 681 astu.
770 639 857 680 ortu.
876 637 912 680 Π.
983 677 985 682 .

243 744 326 810 XV.
351 742 470 808 Eorum
494 738 571 806 lines
600 739 709 805 Nervii
734 739 958 825 adtingebaut:
983 759 1114 821 quorum
1131 738 1170 804 de
1184 747 1298 806 natura

198 845 397 931 moribusque
419 841 523 908 Ceasar
537 864 633 926 quum
655 847 817 925 quaereret,
838 839 882 904 sic
903 836 1099 925 reperiebat:
1129 845 1150 876 “
1168 839 1297 905 Nullum

199 945 321 1010 aditum
353 967 421 1010 esee
443 942 484 1007 ad
513 963 567 1007 eos
596 940 842 1006 mercatoribus:
869 939 946 1004 nihil
973 938 1040 1024 pati
1070 939 1134 1004 vini
1166 939 1298 1025 reliqna-

200 1065 330 1129 rumque
356 1067 471 1120 rerum,
495 1041 537 1107 ad
562 1041 720 1106 luxuriam
746 1040 980 1125 pertinentium,
1005 1038 1122 1118 inferri,
1149 1041 1232 1125 quod
1259 1040 1299 1107 iis
1378 1041 1382 1048 '

199 1141 292 1210 'rebus
309 1144 540 1230 relanguescere
557 1141 678 1207 animos
695 1148 728 1206 et
750 1140 869 1206 remitti
887 1142 1037 1206 virtutem
1058 1141 1295 1206 existimarent:

200 1267 266 1310 esse
288 1243 429 1310 homines
449 1242 531 1308 leros
550 1263 732 1328 magnaque
753 1241 899 1307 virtutis:
924 1239 1109 1325 increpitare
1132 1248 1226 1326 atque
1250 1243 1296 1308 iu·

200 1367 309 1411 onsare
340 1344 475 1429 reliquos
503 1341 626 1428 Belgas,
656 1341 708 1427 qui
740 1363 772 1406 se
797 1339 913 1427 populo
939 1341 1081 1405 Romano
1104 1340 1296 1408 dedidissent

200 1445 394 1532 patriamque
430 1443 580 1509 virtutem
617 1440 836 1528 projecissent:
878 1439 1070 1520 confirmare,
1102 1463 1168 1508 sese
1195 1463 1297 1528 neque

200 1544 321 1632 legatos
349 1545 507 1626 missuros,
539 1565 639 1628 neque
668 1544 765 1608 ullam
794 1541 1005 1607 conditionem
1035 1542 1120 1628 pacis
1149 1552 1295 1628 acceptu·

201 1646 281 1713 ros.”

200 1757 202 1762 ¹
580 1791 651 1834 cns.
667 1791 750 1834 anan.
767 1792 855 1833 urar.
871 1791 916 1834 ιν.

201 1949 204 1958 ’
253 1919 280 1984 Ι.
318 1916 378 1995 Ea,
412 1939 487 2001 qnae,
516 1925 624 1982 secuta
660 1923 718 1994 est,
762 1915 874 1992 hieme,
915 1915 967 2000 qui
1004 1915 1065 1980 fuit
1100 1937 1200 1982 annus
1236 1915 1294 1987 On.

203 2016 367 2102 Pompeio,
384 2016 432 2080 M.
449 2017 561 2082 Grasso
577 2017 677 2092 coss,
704 2015 853 2102 Usipetes
868 2015 1016 2080 Germani
1034 2023 1066 2081 et
1082 2017 1158 2082 item
1174 2017 1295 2083 'lench-

203 2115 286 2182 theri
318 2138 434 2202 magua
469 2138 541 2180 cunr
574 2114 774 2181 multitudine
807 2115 967 2181 homiuum
1004 2114 1119 2182 flumen
1150 2118 1296 2184 Rhenum

203 2217 402 2293 transierunt,
429 2239 492 2281 nou
517 2215 608 2300 louge
634 2216 842 2300 amarique
868 2216 996 2282 Rhenus
1018 2215 1130 2284 inlinit.
1177 2217 1296 2286 Caussa

117 2327 123 2336 '
202 2316 384 2384 transeundi
406 2317 478 2392 fuit,
502 2315 584 2400 qnod
606 2315 647 2381 ab
674 2313 785 2380 Suesia
815 2315 988 2400 complures
1013 2339 1111 2384 annos
1142 2319 1295 2404 exagitati

202 2417 283 2483 bello
307 2416 528 2503 premebantur
552 2425 584 2481 et
607 2415 798 2501 agricultura
824 2415 1076 2500 prohibebantur.
1122 2417 1295 2488 Suerorum

171 2537 174 2546 ’
200 2541 277 2604 gens
291 2525 339 2583 est
355 2519 446 2602 longe
461 2516 599 2582 maxima
613 2525 645 2580 et
660 2515 892 2580 bellicosissima
907 2515 1131 2582 Germanorum
1146 2519 1296 2592 omnium.

203 2617 249 2682 Hi
273 2625 400 2682 centnm
425 2639 523 2704 pagos
542 2617 657 2682 habere
674 2615 830 2694 dicuntur,
855 2637 896 2680 ex
920 2616 1031 2700 quibus
1048 2619 1213 2701 quotannis
1235 2619 1296 2684 sin-

201 2717 277 2804 gula
301 2717 401 2782 millia
427 2724 619 2782 armatorum
643 2715 779 2782 bellandi
807 2738 918 2782 caussa
943 2739 983 2782 ex
1009 2715 1121 2782 linibus
1146 2717 1294 2785 educunt.

202 2818 335 2902 Reliqui,
351 2818 404 2903 qui
419 2817 503 2882 domi
518 2817 699 2892 manserint,
716 2839 749 2882 se
766 2825 861 2903 atque
879 2816 949 2882 illos
971 2817 1069 2884 alunt.
1123 2819 1168 2883 Hi
1190 2843 1296 2887 rursus

202 2919 235 2984 iu
259 2918 359 2984 ricem
379 2941 460 2983 anno
480 2925 552 3003 post
571 2916 603 2981 in
624 2917 719 2983 armis
738 2925 829 2992 sunt:
855 2917 900 2982 illi
921 2917 1006 2983 domi
1026 2927 1197 2985 remanent.
1243 2920 1296 2987 Sic

201 3041 301 3103 neque
331 3018 531 3104 agricultura,
554 3039 612 3083 nec
636 3018 717 3082 ratio
741 3029 836 3101 atque
860 3040 935 3084 usus
961 3018 1035 3084 belli
1063 3019 1294 3097 intermittitur.

203 3117 265 3183 Sed
282 3117 396 3204 privati
411 3141 448 3183 ao
463 3117 598 3204 separati
613 3116 680 3204 agri
695 3118 779 3204 apud
800 3139 854 3184 eos
876 3117 953 3183 nihil
975 3127 1032 3196 est,
1054 3141 1153 3204 neque
1174 3121 1296 3207 longius

200 3240 283 3284 anno
305 3240 462 3284 remanere
486 3240 547 3284 uno
576 3218 608 3284 in
637 3217 705 3282 loco
733 3217 891 3283 incolendi
920 3240 1029 3285 caussa
1058 3219 1142 3286 licet.
1186 3221 1295 3308 Neque

200 3319 336 3382 multum
358 3319 523 3396 frumento,
548 3317 603 3384 sed
626 3319 797 3382 maximam
819 3325 940 3403 partem
966 3319 1161 3406 iactentque
1185 3345 1295 3407 pecore

201 3418 312 3484 vivunt
340 3417 535 3503 multumque
566 3424 640 3484 sunt
671 3419 703 3482 in
732 3419 970 3484 venationibus:
997 3443 1065 3504 quae
1095 3443 1144 3486 res
1175 3430 1208 3486 et
1233 3423 1294 3488 cibi

200 3541 325 3604 genere,
343 3526 375 3583 ot
392 3518 574 3603 quotidiana
591 3518 826 3597 exercitatione,
842 3525 874 3584 et
897 3518 1042 3586 libertate
1056 3520 1129 3586 rita:
1148 3520 1256 3606 (qnod,
1275 3545 1297 3588 a

201 3619 305 3705 pueris
334 3618 420 3683 nullo
449 3617 549 3684 officio
577 3627 634 3684 aut
660 3617 823 3704 disciplina
851 3618 1034 3697 adsuefacti,
1062 3621 1139 3686 nihil
1170 3623 1295 3688 omnino

200 3727 311 3784 contra
324 3719 518 3784 voluntatem
537 3719 668 3802 faciant)
691 3725 724 3783 et
741 3719 822 3784 vires
843 3719 910 3798 alit,
932 3729 965 3784 et
985 3720 1113 3786 immani
1133 3743 1295 3807 corporum

201 3819 417 3905 magnitudine
432 3819 573 3884 homines
587 3817 690 3884 efficit.
735 3819 842 3902 Atque
860 3819 891 3884 in
909 3843 978 3894 eam
993 3843 1026 3886 se
1041 3823 1295 3891 consuetudinem

201 3919 412 3996 adduxerunt,
425 3927 461 3984 ut
474 3919 549 3984 locis
562 3917 780 4005 frigidissimis,
796 3940 895 4004 neque
908 3921 1051 3997 restitus,
1067 3930 1182 4007 praeter
1196 3924 1294 4009 pellis,

201 4019 338 4085 habeant
364 4019 531 4105 quidquam
557 4021 702 4104 (quarum
728 4028 856 4105 propter
879 4020 1084 4106 exiguitatem
1108 4044 1223 4109 magua
1247 4033 1295 4090 est

201 4121 337 4206 corporis
353 4143 425 4206 pars
439 4121 574 4205 aperta),
590 4127 622 4184 et
636 4118 780 4186 laventur
794 4120 826 4184 in
843 4117 1031 4188 fluminibus.

246 4217 292 4284 11.
317 4219 545 4286 Mercatoribus
559 4228 607 4286 est
621 4219 662 4286 ad
677 4241 730 4286 eos
750 4219 856 4286 aditus
870 4220 970 4307 magia
986 4245 1032 4300 eo,
1049 4231 1095 4302 ut,
1120 4247 1188 4309 quae
1213 4223 1295 4290 bello

201 4319 348 4403 ceperint,
364 4320 475 4406 quibus
489 4320 637 4400 vendant,
652 4320 799 4396 habeant,
815 4342 909 4406 quarn
926 4345 987 4406 quo
1008 4323 1103 4388 ullam
1120 4346 1185 4389 rem
1203 4322 1244 4389 ad
1262 4347 1295 4391 se

200 4419 362 4508 importari
390 4419 584 4487 desiderent:
619 4421 693 4507 quin
717 4421 812 4487 etiam
831 4419 994 4508 jumentis,
1021 4423 1132 4508 quibus
1157 4424 1295 4518 maxime
