3144 5080
555 447 847 504 raonneouaaa.
1174 432 1249 504 lxxi

157 606 228 692 Ipse
241 629 261 671 a
276 607 388 674 dextro
402 636 506 687 cornu,
521 607 603 694 quod
616 617 819 694 campartem
835 609 961 674 minime
977 609 1097 675 firmam
1111 611 1247 678 hostium

155 730 220 772 esse
236 709 376 774 animum
390 714 578 789 adverteret,
594 708 734 794 prelium
750 710 914 776 commisit.
962 711 1014 776 Ita
1024 712 1121 776 nostri
1133 713 1247 778 aeriter

154 808 185 872 in
200 809 316 887 hostes,
334 811 422 901 signo
440 814 524 890 dato,
548 811 700 894 impeturn
720 809 861 876 fecerunt
876 811 981 894 itaque
997 811 1102 877 hostes
1117 821 1244 898 repente

155 911 357 996 celeriterque
371 920 598 1001 procurrerunt,
614 918 649 974 ut
667 911 803 994 spatium
819 910 883 995 pila
899 911 930 975 in
946 911 1050 978 hostes
1061 910 1244 1000 conjiciendi

154 1038 216 1080 non
246 1017 383 1082 daretur.
451 1011 588 1099 Rejectis
618 1009 698 1096 pilio,
727 1011 899 1076 comminus
927 1011 1040 1098 gladiis
1069 1022 1242 1100 pugnatum

154 1125 220 1182 est:
248 1126 282 1184 at
298 1115 455 1194 Germani,
471 1113 611 1179 celeriter
627 1133 667 1175 cx
682 1111 903 1176 consuetudine
916 1135 972 1178 sua
984 1112 1137 1198 phalange
1148 1115 1242 1192 facta,

153 1218 288 1304 impetus
315 1215 489 1302 gladiorum
526 1217 724 1298 exceperunt.
793 1211 922 1297 Reperti
956 1221 1030 1278 sunt
1070 1213 1243 1298 complures

155 1318 252 1383 nostri
277 1316 403 1394 milites,
425 1316 477 1399 qui
499 1316 531 1378 in
554 1312 724 1400 phalangas
745 1311 897 1378 insilirent
923 1319 955 1376 et
985 1320 1074 1379 scuta
1100 1315 1243 1380 manibus

153 1418 336 1484 revellerent
362 1425 393 1481 et
415 1414 546 1502 desuper
570 1413 779 1478 vulnerarent.
830 1411 934 1493 Quum
957 1414 1094 1478 hostium
1117 1415 1200 1480 acies
1222 1438 1242 1480 a

152 1517 276 1583 sinistro
299 1540 394 1582 cornu
419 1516 508 1601 pulsa
529 1522 623 1598 atque
637 1512 670 1577 iu
685 1513 792 1599 lugam
814 1535 962 1578 conversa
980 1523 1072 1590 esset,
1093 1513 1240 1580 adextro

154 1641 248 1683 cornu
272 1619 472 1683 vehementer
492 1612 691 1680 multitudine
706 1635 832 1678 suorum
848 1623 987 1678 nostram
1006 1616 1105 1678 aciem
1123 1638 1242 1701 preme-

154 1719 241 1783 bant.
295 1718 335 1782 ld
355 1739 450 1802 quum
472 1713 740 1782 animadvertisset
764 1712 804 1778 P.
827 1713 957 1780 Orassus
978 1713 1166 1792 adolescens,
1189 1716 1241 1800 qui

152 1819 294 1901 equitatu
316 1826 456 1903 praeerat,
488 1815 571 1900 quod
599 1814 775 1899 expeditior
799 1823 875 1892 erat,
897 1836 991 1898 quam
1016 1815 1058 1892 hi,
1081 1815 1133 1899 qui
1159 1816 1241 1880 inter

150 1919 250 1984 eciem
264 1917 477 1994 versabantur,
493 1916 617 1981 tertiam
631 1914 729 1979 aciem
745 1915 957 1980 laborantibus
974 1915 1087 1981 nostris
1104 1914 1241 1981 subsidio

149 2017 245 2082 misit.

197 2117 295 2182 LIII.
334 2114 386 2180 Ita
415 2115 554 2200 proelium
587 2116 765 2180 restitutum
793 2122 850 2192 est,
877 2122 970 2200 atque
999 2138 1107 2183 omnes
1135 2119 1240 2184 hostes

153 2224 242 2304 terga
272 2224 443 2292 verterunt,
470 2239 569 2300 neque
600 2215 685 2301 prius
712 2215 817 2298 fugere
849 2215 1046 2292 destiterunt,
1076 2240 1169 2302 quam
1198 2220 1240 2284 ad

152 2315 267 2382 flumen
289 2317 435 2382 Rhenum
458 2316 557 2382 millia
578 2336 724 2401 passuum
746 2337 785 2378 ex
808 2337 843 2378 eo
866 2316 933 2379 loco
955 2317 1077 2381 circiter
1091 2319 1240 2403 quinqua·

150 2419 239 2503 ginta
249 2429 466 2503 pervenerunt.
512 2417 561 2481 Ibi
574 2414 719 2502 perpauci
730 2422 785 2478 aut
796 2415 912 2480 viribus
924 2415 1028 2480 confisi
1044 2425 1240 2485 transnatare

152 2518 389 2596 contenderunt,
412 2525 467 2583 aut
489 2517 634 2583 lintribus
655 2515 789 2580 inventis
811 2515 867 2580 sibi
891 2517 1024 2580 salutem
1048 2529 1238 2602 repererunt.

156 2618 193 2683 In
218 2619 267 2684 his
292 2619 352 2684 fuit
378 2618 565 2696 Ariovistus,
590 2618 653 2702 qui,
675 2616 849 2680 naviculam
876 2615 1043 2701 deligatam
1068 2617 1111 2680 ed
1138 2618 1238 2702 ripam

152 2729 273 2795 nactus,
300 2741 337 2784 ea
362 2718 516 2804 profugit:
539 2719 671 2802 reliquos
693 2739 799 2781 omues
820 2717 976 2781 consecuti
999 2717 1118 2801 equites
1140 2719 1238 2782 nostri

152 2820 382 2884 interfecerunt.
449 2818 529 2884 Dum
553 2819 679 2884 fuerunt
707 2816 860 2882 Ariovisti
887 2839 1010 2895 uxores,
1042 2839 1105 2881 una
1136 2817 1240 2883 Saeva

152 2920 289 2994 natione,
307 2941 400 3003 quam
422 2919 462 2984 ab
478 2920 570 2984 domo
586 2941 691 2985 secum
708 2916 881 2990 eduxerat;
905 2917 1004 2983 altera
1020 2917 1142 2996 Norica,
1159 2919 1241 3005 regis

152 3019 301 3085 Vocionis
331 3041 427 3095 soror,
452 3043 545 3104 quam
567 3020 599 3085 in
626 3017 728 3083 Gallia
756 3017 900 3093 duxerat,
928 3041 948 3082 a
971 3019 1067 3083 fratre
1092 3019 1236 3084 missam:

149 3128 287 3204 utraeqne
308 3119 341 3184 in
362 3141 399 3184 ea
419 3119 493 3205 fuga
515 3121 681 3206 perierunt.
725 3118 808 3182 Dum
830 3115 900 3182 filiae
922 3120 1044 3194 harum,
1067 3120 1167 3184 altera
1188 3143 1238 3184 oc-

149 3221 222 3298 cisa,
238 3222 338 3286 altera
354 3227 446 3306 capta
463 3228 520 3286 est.
575 3219 611 3287 Ο.
635 3218 780 3283 Valerios
803 3217 966 3291 Procillus,
990 3241 1085 3303 quum
1100 3243 1120 3283 a
1134 3226 1238 3284 custo·

151 3320 243 3386 dibus
270 3322 302 3385 in
330 3319 407 3406 fuga
434 3321 525 3387 trinis
555 3320 672 3386 catenis
702 3318 826 3384 vinetus
855 3321 1041 3394 traheretur,
1071 3321 1104 3384 in
1135 3320 1238 3405 ipsum

150 3421 314 3500 (lasarem,
330 3420 428 3486 hostis
441 3421 582 3504 equitatu
595 3427 839 3506 persequentem,
854 3419 974 3484 incidit.
1020 3420 1096 3501 Qum
1112 3419 1237 3504 quidem

150 3545 199 3587 res
227 3521 344 3588 (laesari
373 3543 435 3585 uon
463 3523 624 3597 minorem,
654 3542 747 3604 quam
776 3520 844 3605 ipsa
874 3519 1013 3596 victoria,
1044 3521 1236 3606 voluptatem

149 3621 274 3701 adtulit,
291 3621 374 3706 quod
389 3621 544 3685 hominem
561 3620 810 3685 honestissimum
828 3620 992 3704 provinciae
1010 3620 1131 3696 Galliae,
1148 3643 1238 3684 suum

151 3721 335 3788 familiarem
366 3729 398 3786 et
426 3720 589 3806 hospitem,
617 3727 757 3805 ereptum
783 3743 801 3786 e
830 3719 972 3785 manibus
999 3721 1147 3796 hostium,
1180 3719 1238 3784 sihi

150 3824 331 3888 restitutum
348 3821 485 3900 videbat,
504 3843 603 3904 neque
624 3817 690 3906 ejus
711 3820 889 3885 calamitate
912 3818 951 3884 de
971 3827 1063 3884 tanta
1077 3821 1239 3904 voluptate

150 3930 182 3987 et
194 3923 402 4008 gratulatione
414 3921 582 4007 quidquem
593 3921 719 3986 fortuna
734 3920 938 3986 deminuerat.
976 3921 1019 3998 Is,
1032 3943 1064 3986 se
1076 3928 1239 4010 prasente,

150 4021 190 4086 de
205 4043 237 4087 se
252 4031 301 4088 ter
314 4023 449 4087 sortibus
463 4020 637 4086 consultum
658 4021 790 4100 dicebat,
810 4028 916 4085 utrum
936 4021 1000 4106 igni
1025 4020 1132 4086 statim
1147 4043 1240 4086 nece-

150 4130 248 4197 retnr,
269 4145 310 4186 an
330 4123 362 4187 in
383 4121 469 4187 aliud
491 4131 615 4206 tempus
634 4130 865 4196 reservaretu13
892 4121 1024 4186 sortium
1044 4119 1192 4202 beneficio
1208 4143 1240 4186 se

149 4245 216 4287 esse
242 4222 444 4287 «incolumem.
504 4222 586 4286 Item
620 4219 668 4288 M.
700 4220 835 4287 Mettius
863 4229 1003 4306 repertus
1033 4229 1065 4286 et
1097 4221 1137 4286 ad
1170 4244 1242 4286 eum

151 4320 299 4387 reductus
314 4329 371 4387 est.

203 4421 295 4488 LIV.
323 4421 394 4486 Hoc
416 4420 522 4507 proelio
543 4430 628 4487 trans
651 4421 796 4487 Rhenum
820 4421 976 4499 nunciato,
1003 4421 1106 4501 Suari,
1126 4424 1177 4508 qui
1204 4422 1245 4488 ad
