3150 5136
577 439 856 496 arlanconem.
1193 447 1265 494 xxv

169 609 249 674 sicut
269 607 443 672 retulerunt
469 601 568 678 nobis,
587 601 639 684 qui
655 623 724 665 eam
740 602 961 680 lustraverunt,
977 621 1039 664 non
1054 608 1120 666 tam
1136 600 1168 665 in
1185 601 1264 665 mari

170 719 218 774 est
244 709 356 795 posita,
383 725 476 790 quam
501 701 629 766 marinis
652 699 809 776 ductibus,
837 709 964 787 propter
993 701 1154 786 planitiem
1184 723 1266 766 mar-

170 810 288 895 ginum,
304 816 403 873 terras
417 801 627 868 ambientibus
642 801 839 866 circumfusa.
885 800 974 866 lutra
995 801 1075 866 banc
1097 824 1171 888 ergo
1193 823 1267 866 con-

172 909 275 975 stituti
301 905 415 993 populi,
430 903 506 968 dum
527 902 559 966 in
583 909 706 967 tantam
730 901 964 966 multitudinem
986 901 1198 988 pullulassent,
1229 909 1267 966 ut

167 1007 235 1096 jam
265 1007 357 1074 simul
379 1003 520 1070 babitare
544 1023 606 1066 nou
621 1002 770 1078 valerent,
793 1003 825 1066 in
850 1010 925 1078 tres,
951 1009 987 1066 ut
1012 1003 1120 1092 fertur,
1142 1023 1266 1066 ornnem

173 1116 329 1174 catervam
355 1112 460 1193 partes
485 1101 669 1179 dividentes,
683 1124 752 1186 quar
779 1102 905 1168 axillis
930 1124 1002 1188 pars
1027 1103 1160 1189 patriam
1176 1101 1267 1167 relin-

174 1232 277 1294 quere,
292 1227 448 1290 novasque
466 1202 593 1268 deberet
607 1201 696 1268 sedes
712 1202 883 1287 exquirere,
902 1214 984 1268 sorte
999 1202 1159 1288 perquirit.

219 1308 284 1372 ΙΙΙ.
309 1308 411 1393 Igitur
433 1327 471 1368 ea
493 1325 573 1389 pars,
592 1303 642 1366 cui
665 1325 730 1367 sors
752 1303 882 1368 dederat
898 1303 1035 1389 genitale
1057 1303 1157 1368 solum
1178 1323 1268 1368 exce-

174 1410 255 1484 dere,
269 1416 437 1490 exteraque
452 1426 527 1469 arva
541 1403 663 1482 sectari,
677 1402 828 1468 ordinatis
842 1425 934 1489 super
948 1425 981 1468 se
996 1401 1117 1468 duobus
1129 1402 1269 1480 ducibus,

176 1510 251 1576 Ibor
265 1509 383 1574 scilicet
399 1515 431 1570 et
447 1504 571 1591 Ayoue,
587 1505 641 1587 qui
657 1513 689 1568 et
702 1504 843 1589 germani
860 1511 957 1583 erant,
977 1518 1009 1568 et
1018 1500 1150 1589 juvenili
1164 1502 1268 1568 adhuc

175 1619 268 1676 atate
294 1606 406 1682 floridi,
433 1613 465 1670 et
489 1604 608 1669 caeteris
634 1603 875 1690 praestautiores,
900 1603 941 1667 ad
965 1602 1171 1689 exquirendas
1194 1625 1270 1687 quas

176 1710 294 1798 possint
323 1707 457 1771 incolere
482 1712 592 1782 terras,
614 1705 762 1789 sedesque
789 1711 937 1782 statuere,
970 1703 1178 1770 valedicentes
1207 1703 1271 1768 suis

177 1810 268 1876 simul
295 1814 326 1872 et
351 1806 469 1891 patria,
492 1803 552 1868 iter
579 1805 741 1891 arripiunt.
788 1804 913 1870 Horum
937 1812 1005 1869 erat
1031 1804 1144 1870 ducum
1169 1810 1272 1868 mater

178 1910 302 1973 nomine
320 1901 488 1982 Gambara,
506 1903 616 1968 mulier
630 1911 782 1989 quantum
797 1905 880 1970 inter
896 1927 967 1971 suos
984 1913 1016 1970 et
1033 1905 1157 1990 ingenio
1179 1904 1269 1980 acris,

179 2018 211 2073 et
236 2004 370 2072 consiliis
393 2004 542 2090 provida;
570 2003 609 2068 ds
634 2001 723 2091 cujus
749 2004 782 2069 iu
804 2005 896 2070 rebus
910 2005 1013 2071 dubiis
1027 2005 1193 2091 prudentia
1208 2025 1272 2068 non

180 2108 343 2173 minimum
361 2102 570 2169 confidebant.

226 2207 287 2271 IV.
311 2205 409 2270 Haud
429 2204 469 2269 ab
486 2227 520 2270 re
544 2226 610 2269 esse
635 2203 779 2283 arbitror,
797 2204 952 2291 paulisper
967 2204 1114 2270 narrandi
1131 2203 1272 2269 ordinem

181 2317 376 2394 postponere,
395 2313 427 2370 et
443 2305 515 2389 quia
530 2304 632 2369 adhuc
649 2305 750 2391 stylus
764 2305 796 2369 in
823 2304 991 2370 Germania
1015 2306 1157 2382 vertitur,
1181 2303 1274 2369 mira-

182 2409 287 2473 culum
310 2405 391 2491 quod
414 2405 478 2470 illic
500 2404 583 2490 apud
598 2427 705 2470 omues
719 2404 838 2470 celebre
852 2405 996 2481 habetur,
1015 2405 1116 2471 sedet
1132 2403 1275 2489 quadam

182 2499 244 2574 alia
259 2507 395 2573 breviter
410 2506 564 2570 iutimare.
612 2505 649 2569 Iu
665 2505 813 2571 extremis
828 2505 964 2570 Circium
979 2527 1086 2570 versus
1101 2504 1275 2569 Germania

183 2607 306 2685 finibus,
322 2609 353 2672 in
371 2607 438 2692 ipso
456 2606 573 2671 Oceani
588 2605 688 2684 litore,
704 2613 831 2670 antrum
852 2607 910 2671 sub
933 2605 1082 2670 eminenti
1103 2627 1179 2690 rupe
1201 2626 1277 2668 eon·

183 2709 323 2796 spicitur,
351 2707 405 2772 ubi
430 2714 549 2791 septem
575 2706 632 2770 viri
660 2706 827 2788 (incertum
854 2729 892 2771 ex
920 2729 981 2791 quo
1005 2706 1159 2791 tempore)
1185 2704 1277 2790 longo

184 2809 277 2896 sopiti
293 2830 402 2894 sopore
419 2807 591 2890 quiescunt,
612 2806 658 2871 ita
679 2807 792 2871 inlaesis
810 2829 872 2870 non
896 2807 994 2872 solum
1018 2805 1206 2892 corporibus,
1223 2803 1278 2870 sed

185 2911 281 2975 etiam
296 2906 498 2986 vestimentis,
514 2914 551 2970 ut
566 2929 606 2971 ex
622 2908 682 2971 boo
699 2906 775 2991 ipso,
792 2905 874 2991 quod
890 2907 955 2972 siue
969 2907 1033 2972 ulla
1048 2929 1103 2992 per
1117 2912 1166 2970 tot
1180 2927 1279 2970 auno·

186 3032 254 3075 rum
269 3007 422 3074 curricula
436 3007 632 3092 corruptione
646 3007 829 3092 perdurant,
844 3007 928 3093 apud
943 3006 1091 3072 indociles
1104 3005 1230 3071 easdam
1246 3012 1279 3072 et

186 3111 334 3175 barbaras
355 3109 507 3186 nationes,
527 3107 718 3173 venerationi
743 3105 927 3172 habeantur.
972 3106 1019 3171 Hi
1036 3107 1169 3192 denique
1183 3129 1279 3191 quan·

187 3219 256 3274 tum
279 3209 320 3274 ad
346 3209 489 3274 habitum
514 3215 645 3293 spectat,
661 3207 795 3272 Romani
811 3229 877 3273 esse
902 3215 1079 3273 cernuntur.
1124 3207 1280 3292 Equibus

188 3309 264 3375 dum
287 3332 384 3374 unum
406 3307 533 3393 quidam
558 3306 731 3393 cupiditate
757 3306 936 3374 stimulatus
959 3307 1189 3387 velletexuere,
1204 3331 1280 3378 mox

189 3407 255 3495 ejus
277 3417 314 3474 ut
338 3409 452 3473 dicitur
472 3408 600 3474 brachia
613 3414 770 3487 aruerunt,
786 3430 936 3494 poeneque
950 3430 1007 3475 sua
1021 3417 1148 3476 cataros
1163 3417 1282 3495 perter-

188 3511 262 3588 ruit,
274 3531 314 3572 ne
329 3508 397 3592 quis
411 3531 463 3572 eos
477 3508 607 3574 ulterius
621 3507 798 3594 contingere
810 3508 950 3574 auderet.
996 3507 1123 3575 Videris
1134 3510 1176 3575 ad
1188 3532 1281 3595 quem

189 3632 241 3675 eos
258 3608 440 3695 profectum,
459 3630 514 3694 per
529 3615 579 3672 tot
600 3615 741 3694 tempora
762 3608 960 3694 providentia
981 3608 1086 3675 divina
1108 3619 1279 3676 conservet.

190 3709 338 3775 Fortasse
362 3709 474 3773 horum
495 3706 686 3792 quaudoque,
713 3709 786 3794 quia
812 3731 874 3774 uon
903 3710 994 3775 aliter
1022 3710 1081 3776 nisi
1112 3709 1281 3776 Christiani

194 3833 259 3876 esse
274 3816 435 3896 putantur,
452 3814 562 3894 gentes
576 3807 639 3872 illae
654 3808 876 3893 praedicatione
891 3809 1047 3876 salvanda
1064 3819 1148 3877 sunt.

236 3910 279 3974 V.
304 3909 389 3974 Huic
407 3908 485 3973 loco
516 3907 683 3973 Scritobini
717 3909 777 3994 (sic
807 3909 889 3974 enim
910 3933 986 3996 gens
1008 3910 1061 3976 illa
1086 3911 1280 3994 nominatur)

193 4010 286 4074 moini
308 4017 390 4087 sunt,
408 4009 461 4094 qui
484 4007 579 4073 etiam
594 4007 712 4074 astatis
727 4017 865 4095 tempore
881 4011 1005 4076 nivibus
1017 4033 1080 4076 nou
1096 4020 1211 4092 carent,
1226 4035 1284 4078 neo

194 4109 272 4190 aliis,
286 4116 398 4194 utpote
412 4108 485 4174 feris
499 4108 573 4194 ipsis
587 4108 706 4174 ratione
720 4130 781 4173 non
799 4109 949 4195 dispares,
965 4133 1058 4195 quam
1073 4112 1177 4178 crudis
1197 4135 1284 4198 agre·

195 4210 290 4276 stium
319 4209 524 4274 animantium
553 4209 697 4274 carnibus
726 4217 912 4286 vescuntur3
955 4211 994 4274 de
1025 4235 1155 4296 quorum
1189 4215 1285 4278 etiam

195 4311 286 4376 hirtis
308 4309 439 4397 pellibus
461 4308 518 4374 sibi
535 4308 719 4375 indumenta
734 4318 892 4395 coaptant.
939 4310 986 4374 Hi
1000 4333 1019 4375 a
1033 4311 1179 4394 saliendo,
1189 4310 1287 4398 juxta

196 4412 334 4497 linguam
372 4409 546 4488 barbaram,
586 4410 808 4496 etymologiam
844 4410 973 4476 ducunt.
1030 4411 1169 4478 Saltibus
1204 4413 1287 4478 enim
