3144 5080
309 327 411 398 lxviii
587 340 664 395 ras
686 339 869 395 onsurnr
894 337 949 402 or,
968 340 1136 396 cremus.

309 504 458 571 simulata
499 502 653 569 Gaesarem
695 501 845 578 amicitia,
890 501 973 586 quod
1014 504 1188 568 exercitum
1227 504 1260 568 in
1292 498 1418 576 ¹Gallia

311 605 439 679 habeat,
468 603 516 668 sui
550 603 744 688 opprimendi
775 623 884 668 caussa
911 602 1038 668 habere.
1083 603 1144 686 Qui
1178 603 1238 669 nisi
1274 601 1417 668 decedat

312 714 407 788 atque
430 702 603 768 exercitum
628 701 765 768 deducat
793 725 833 768 ex
854 703 903 768 his
930 703 1115 788 regionibus,
1141 726 1208 770 sese
1230 703 1319 768 illum
1344 725 1416 768 nou

313 827 370 890 pro
395 805 506 882 amico,
531 804 586 869 sed
612 825 667 888 pro
689 805 778 868 hoste
802 803 1004 868 habiturum:
1044 804 1127 889 quod
1153 805 1179 870 si
1215 827 1288 868 eum
1312 804 1417 868 inter-

311 905 432 984 fecerit,
468 903 576 971 multis
600 925 667 970 sese
688 903 843 968 nobilibus
873 903 1122 989 principibusque
1143 903 1249 990 populi
1271 903 1416 968 Romani

311 1013 440 1091 gratum
464 1027 531 1070 esse
554 1003 729 1068 facturum:
768 1003 802 1066 id
828 1025 862 1068 se
898 1004 939 1068 ab
961 1003 1037 1090 ipsis
1059 1027 1115 1091 per
1148 1027 1254 1069 eorum
1277 1004 1415 1068 nuncios

313 1113 508 1191 compertum
533 1104 657 1182 habere,
684 1126 815 1189 quorum
839 1104 977 1168 omnium
1004 1106 1138 1189 gratiam
1171 1113 1265 1190 atque
1300 1104 1415 1168 amici-

313 1207 393 1272 tiam
418 1203 484 1292 ejus
508 1214 610 1272 morte
631 1204 783 1269 redimere
819 1213 934 1289 posset.
987 1204 1080 1286 Quod
1106 1206 1133 1270 si
1157 1204 1338 1270 decessisset
1376 1211 1417 1270 et⁴

312 1305 443 1372 liberam
484 1305 706 1392 possessionem
755 1303 867 1370 Gallia
906 1304 964 1370 sibi
999 1303 1187 1384 tradidisset,
1225 1327 1339 1391 magno
1375 1327 1416 1370 se

314 1407 403 1472 illum
417 1407 545 1492 praemio
559 1412 828 1471 remuneraturum
851 1412 893 1484 et,
910 1427 1109 1490 quecumque
1124 1405 1204 1470 bella
1218 1405 1285 1491 geri
1303 1404 1413 1483 vellet,

313 1507 379 1573 sine
396 1507 460 1572 ullo
475 1504 541 1592 ejus
555 1505 659 1571 labore
677 1513 709 1569 et
724 1504 858 1590 periculo
873 1505 1115 1572 consecutum?

360 1607 473 1674 XLV.
500 1605 606 1671 Multa
626 1604 667 1670 ab
693 1603 813 1670 (laesere
834 1605 867 1670 in
889 1628 958 1670 eam
988 1607 1176 1671 sententiam
1204 1605 1290 1671 dicta
1320 1613 1412 1683 sunt,

315 1729 410 1791 quare
431 1703 571 1792 negotio'
584 1705 732 1770 desistere
754 1727 816 1770 non
841 1713 956 1792 posset,
981 1713 1013 1770 et
1028 1713 1158 1792 “neque
1180 1729 1280 1780 suam,
1306 1729 1412 1790 neque

315 1807 422 1892 populi
437 1805 571 1871 Romani
585 1805 838 1870 consuetudinem
854 1807 930 1892 pati,
946 1807 995 1871 uti
1019 1807 1136 1893 optime
1158 1807 1285 1872 meritos
1306 1807 1412 1872 socios

316 1906 494 1973 desereret:
522 1928 621 1990 neque
643 1929 675 1971 se
694 1903 847 1992 judicare,
863 1905 998 1971 Galliam
1022 1907 1125 1993 potius
1149 1929 1215 1973 esse
1241 1906 1410 1984 Ariovisti,

316 2031 410 2092 quam
419 2007 525 2093 populi
539 2005 684 2072 Romani.
711 2005 798 2070 Bello
809 2015 971 2092 superatos
982 2007 1212 2072 esseArvemos
1222 2015 1254 2072 et
1265 2007 1413 2074 Rutenos

314 2109 356 2172 ab
388 2107 426 2190 Q.
452 2107 553 2172 Fabio
574 2105 729 2182 Maximo,
751 2106 862 2191 quibus
883 2107 1014 2193 populus
1034 2106 1194 2173 Romanus
1224 2107 1409 2193 ignovisset,

315 2231 414 2293 neque
431 2208 462 2274 in
479 2207 670 2293 provinciam
683 2206 863 2293 redegisset,
881 2229 981 2293 neque
997 2208 1186 2294 stipendium
1197 2206 1415 2293 imposuisset.

316 2308 409 2392 Quod
440 2309 466 2374 si
496 2307 744 2392 antiquissimum
766 2307 908 2394 quodque
932 2317 1056 2394 tempus
1079 2308 1212 2394 spectari
1237 2316 1411 2394 oporteret,

314 2408 421 2497 populi
434 2409 568 2474 Romani
585 2405 795 2494 justissimum
817 2431 882 2474 esse
904 2409 936 2473 in
958 2407 1060 2473 Gallia
1076 2408 1259 2494 imperium:
1283 2408 1310 2474 si
1319 2406 1414 2496 judi-

314 2510 397 2578 cium
414 2517 540 2576 senatus
552 2509 709 2575 observari
723 2515 888 2594 oporteret,
906 2509 1034 2573 liberam
1050 2509 1162 2575 debere
1175 2531 1241 2574 esse
1259 2507 1420 2588 Galliam‚=

315 2633 409 2697 quam
426 2611 506 2675 bello
523 2609 638 2674 victam
653 2609 717 2674 suis
734 2608 853 2693 legibus
866 2609 914 2672 uti
930 2608 1107 2675 voluisset.”

359 2710 491 2776 XLVI.
522 2709 609 2774 Dum
644 2709 711 2772 haec
741 2708 773 2771 in
806 2709 957 2794 colloquio
986 2717 1146 2794 geruntur,
1180 2708 1294 2776 Oaesari
1323 2731 1412 2774 nun-

316 2813 433 2876 ciatum
458 2818 516 2887 est,
546 2807 665 2893 equites
688 2807 840 2873 Ariovisti
866 2810 992 2894 propius
1017 2810 1172 2876 tumulum
1199 2809 1345 2874 accedam
1374 2821 1420 2876 et·

315 2910 357 2977 ad
380 2916 502 2975 nostros
525 2907 715 2993 adequitare,
742 2907 861 2994 lapides
888 2908 1011 2994 telaque
1035 2911 1067 2974 in
1096 2911 1218 2976 nostros
1245 2907 1410 2996 conjicere.

317 3009 422 3077 Gaesar
436 3008 581 3092 loquendi
596 3006 689 3072 finem
710 3008 784 3074 fecit
806 3031 899 3093 seque
924 3010 966 3074 ad
990 3033 1063 3077 suos
1079 3011 1195 3095 recapit
1210 3010 1332 3097 suisque
1347 3010 1411 3076 im-

318 3109 449 3197 perarit,
476 3132 515 3174 ne
541 3108 624 3193 quod
650 3108 775 3174 omnino
794 3109 892 3175 telum
918 3111 950 3174 iu
975 3111 1080 3176 hostes
1105 3109 1278 3196 rejicerent.
1322 3109 1409 3177 Nam

318 3209 378 3276 etsi
392 3209 457 3275 sine
471 3208 535 3274 ullo
562 3208 698 3294 periculo
719 3208 848 3295 legionis
869 3210 996 3276 delecta
1012 3233 1083 3276 cum
1097 3211 1239 3295 equitatu
1265 3210 1409 3297 proelium

315 3312 382 3377 foro
408 3310 557 3385 videbatr
581 3318 687 3375 tamen
710 3309 966 3375 committendum
991 3333 1053 3375 non
1080 3311 1224 3397 putabat,
1249 3319 1295 3390 ut,
1312 3312 1413 3397 pulsis

317 3411 469 3488 hostibus,
486 3409 549 3475 dici
567 3418 683 3496 posset,
701 3431 753 3476 eos
771 3410 812 3474 ab
829 3433 862 3475 se
877 3433 932 3497 per
947 3409 1040 3475 fidem
1054 3411 1087 3476 in
1102 3411 1252 3497 colloquio
1276 3412 1411 3476 circom-

319 3520 439 3577 ventos.
485 3509 695 3594 Posteaquam
730 3510 763 3575 in
788 3510 900 3596 vulgus
936 3510 1072 3576 militum
1111 3511 1228 3578 elatum
1262 3521 1320 3591 est,
1345 3535 1411 3596 qna

318 3612 504 3698 adrogantia
519 3611 551 3675 in
576 3610 726 3694 colloquio
741 3610 921 3677 Ariovistus
941 3634 1015 3678 usus
1036 3612 1120 3677 omni
1138 3611 1241 3678 Gallia
1256 3613 1412 3679 Romanis

316 3711 540 3787 interdixisset,
569 3709 781 3797 impetumque
810 3712 842 3777 in
871 3720 992 3778 nostros
1022 3710 1089 3799 ejus
1121 3711 1234 3798 equitis
1265 3713 1413 3779 fecissent

319 3835 416 3897 eaque
439 3835 489 3878 res
512 3812 699 3895 colloquium
723 3821 760 3878 ut
788 3811 982 3878 diremisset:
1011 3813 1112 3878 multo
1136 3811 1236 3900 major
1265 3813 1413 3880 alacritas

318 3913 518 3998 studiumque
532 3912 691 3998 pugnandi
705 3909 807 3999 majus
821 3913 961 3978 exercitu
974 3911 1123 3999 injectum
1138 3923 1197 3979 est.

364 4011 515 4078 XLVII.
553 4011 656 4076 Biduo
689 4022 759 4098 post
791 4012 969 4079 Ariovistus
1011 4014 1054 4079 ad
1097 4013 1250 4080 Gaesarem
1292 4016 1415 4100 legatos

318 4112 429 4189 mittit,
445 4111 523 4178 velle
547 4135 579 4178 se
597 4111 636 4176 de
653 4112 701 4178 his
723 4113 824 4192 rebus,
839 4137 907 4199 quae
930 4113 1081 4180 intereos
1102 4113 1153 4201 agi
1177 4123 1293 4200 coeptae,
1311 4136 1413 4198 neque

319 4213 467 4300 perfectae
484 4220 598 4291 essent,
617 4235 710 4298 agere
724 4235 796 4279 cum
812 4236 863 4279 eo:
887 4213 935 4280 uti
961 4223 1017 4281 aut
1031 4215 1146 4280 iterum
1161 4215 1313 4299 colloquio
1328 4214 1418 4279 diem·

318 4313 543 4392 mustitueret3
567 4313 676 4392 antei
700 4313 735 4380 id
760 4315 863 4382 minus
876 4314 982 4396 vellet,
998 4338 1039 4382 ex
1063 4315 1126 4382 suis
1152 4314 1263 4401 legatis
1277 4315 1414 4399 aliquem
