3088 5080
498 403 619 460 nores
645 403 697 460 ou
724 402 885 460 suerrus
914 403 953 458 11.
1229 384 1274 456 19

227 559 279 632 ΙΙ.
308 560 410 656 Ipsos
436 561 635 635 Germanos
656 564 841 656 indigenas
868 561 1089 643 crediderim,
1108 555 1272 628 minime-

176 701 246 770 que
263 679 411 751 aliarum
437 682 598 774 gentium
626 679 839 752 adventibus
869 687 907 749 et
928 677 1092 771 hospitiis
1114 677 1270 746 mixtos:

175 795 260 887 quia
286 819 352 866 nec
380 795 475 868 terrd
504 796 600 880 olim,
625 797 687 868 sed
712 796 882 867 classibus
911 793 1190 876 advehebantur,
1210 793 1270 884 qui

173 921 314 984 mutare
348 914 449 985 sedes
477 913 722 1007 quaerebant3¹
752 925 790 984 et
814 913 1008 984 immensus
1033 905 1139 994 ultrd,
1158 919 1270 1003 utque

173 1030 225 1099 sic
254 1029 417 1113 dixerim,
447 1031 614 1101 adversus
642 1029 808 1102 Oceanus
842 1029 928 1100 raris
959 1029 1005 1098 ab
1037 1028 1122 1098 orbe
1150 1036 1271 1098 nostro

173 1146 323 1218 navibus
353 1147 482 1218 aditur.
537 1147 626 1232 Quis
653 1143 768 1240 porrd,
797 1157 926 1239 praeter
957 1144 1154 1238 periculum
1190 1143 1271 1214 hor-

173 1263 241 1333 ridi
259 1272 297 1334 et
311 1264 424 1358 ignoti
442 1265 558 1348 maris,
577 1262 667 1336 Asia
683 1273 746 1334 aut
764 1261 890 1333 Africa
919 1271 981 1332 aut
999 1261 1108 1333 Italis
1133 1259 1268 1343 relictis,

175 1378 405 1452 Germaniam
434 1382 600 1474 peteret?
628 1381 817 1451 informem
846 1381 958 1464 terris,
983 1402 1141 1474 asperam
1168 1377 1269 1460 coelo,

176 1497 314 1568 tristem
332 1496 434 1568 cultu
456 1508 684 1593 aspectuque,
703 1499 814 1571 nisisi
832 1497 948 1590 patria
967 1497 1024 1568 sit.
1076 1495 1270 1567 Celebrant

176 1615 390 1685 canninibus
401 1617 414 1653 ²
427 1617 581 1708 antiquis
595 1618 702 1710 (quod
715 1639 824 1688 unum
839 1615 933 1708 apud
946 1614 1026 1686 illos
1037 1615 1217 1684 memoriae
1232 1621 1269 1683 et

177 1729 358 1801 annalium
369 1753 481 1824 genus
494 1731 563 1822 est)
578 1741 598 1772 “
608 1733 829 1804 thrasonem
840 1733 946 1804 deum
960 1730 1056 1803 terra
1069 1731 1216 1814 editum,
1231 1741 1269 1800 et

178 1844 503 1930 filiumMannum,⁴
512 1849 806 1943 originemgentis
818 1850 1100 1940 conditoresque.
1132 1846 1270 1917 Manno
1326 1935 1332 1950 Ι

179 1970 253 2031 tres
270 1959 362 2031 filios
377 1962 575 2056 adsignant,
594 1988 614 2035 e
632 1987 781 2056 quorum
794 1965 998 2036 nominibus
1008 1965 1160 2059 proximi
1179 1961 1272 2034 Oee-

177 2100 246 2148 ano
268 2073 498 2172 Ingaevones,⁵
519 2080 627 2151 medii
654 2077 892 2165 Hermiones,⁶
922 2083 1033 2153 ceteri
1057 2079 1271 2152 Istaeuones⁷

179 2195 381 2266 vocentur.·’
432 2195 586 2280 Quidam
605 2205 724 2267 autem
744 2197 890 2268 licentiis
907 2197 1103 2280 vetustatis,
1122 2206 1142 2236 “
1155 2196 1273 2290 plures

180 2311 248 2381 deo
260 2319 365 2394 ortos,
377 2311 566 2406 pluresque
577 2313 695 2406 gentis
708 2312 974 2408 appellationes,
987 2313 1151 2395 Marsos,B
1163 2313 1272 2384 Gam-

179 2428 336 2513 brivios‚⁹
354 2427 529 2512 Suevos¹⁰
546 2429 742 2501 Vandalios
753 2432 774 2468 ¹¹
793 2431 1003 2500 adfirmant:
1031 2437 1050 2467 “
1063 2452 1175 2522 eaque
1191 2453 1274 2500 vera

180 2554 219 2617 et
249 2546 397 2639 antiqua
427 2547 581 2616 nomina.
638 2546 810 2618 Ceterum
841 2547 1041 2620 Germaniae
1062 2546 1272 2618 vocabulum

180 2686 304 2734 recens
316 2666 341 2704 ¹⁹
354 2674 391 2734 et
403 2687 517 2756 nuper
526 2665 688 2736 additum
706 2689 713 2735 :
731 2668 897 2756 quoniam
911 2666 970 2758 qui
989 2665 1093 2758 primi
1106 2663 1272 2733 Rhenum

182 2781 389 2874 transgressi
417 2780 542 2853 Gallos
569 2781 784 2876 expulerint,
809 2805 851 2854 ac
884 2804 979 2854 nunc
1010 2779 1156 2874 Tungri,
1185 2789 1273 2850 tunc

181 2894 352 2967 Germani
371 2899 487 2968 vocati
515 2899 608 2969 sint:
634 2900 685 2970 ita
714 2900 868 2970 nationis
891 2920 1033 2980 nomen,
1057 2919 1129 2968 non
1155 2896 1272 2989 gentis

182 3012 354 3086 evaluisse
371 3014 569 3108 paullatim,
587 3023 628 3086 ut
645 3037 768 3086 omnes
781 3015 936 3108 primdm
954 3039 975 3085 a
990 3016 1124 3085 victore
1139 3014 1185 3085 ob
1199 3036 1272 3085 me·

182 3138 272 3212 tum,
300 3153 386 3202 mox
419 3155 440 3202 a
467 3133 590 3224 seipsis
620 3134 767 3203 invento
800 3132 956 3216 nomine,
983 3131 1153 3202 Germani
1172 3155 1274 3202 voca·

180 3247 335 3316 re'ntur.’'
378 3247 534 3319 “Fuisse
551 3249 643 3343 apud
661 3272 721 3320 eos
737 3259 774 3320 et
792 3247 1009 3320 Herculem’
1020 3249 1044 3288 ²³
1064 3257 1274 3331 memorant,

180 3363 405 3457 primumque
432 3366 591 3436 omnium
618 3366 773 3438 virorum
798 3367 946 3438 fortium
973 3366 1058 3438 ituri
1085 3367 1123 3435 in
1151 3364 1275 3458 proelia

181 3488 327 3551 canunt.

562 3645 650 3688 ΝΟΜ
671 3647 708 3687 Old
730 3647 846 3688 BEO'HON
867 3647 900 3686 11.

221 3779 232 3816 ¹
247 3775 308 3834 Nec
317 3777 395 3834 terra
405 3777 477 3847 olim,
488 3777 535 3834 aed
545 3777 677 3836 classidas
685 3777 898 3850 mundantur,
909 3781 960 3852 qui
969 3787 1079 3836 manre
1091 3779 1163 3834 seder
1172 3797 1277 3850 quoere·
1341 3771 1346 3776 ⁸

181 3869 384 3951 daat.]-'l'bis
398 3891 516 3952 appears
529 3879 560 3932 at
573 3874 635 3933 first
649 3881 679 3933 to
693 3875 728 3932 be
737 3873 786 3932 the
797 3874 912 3934 remark
927 3874 986 3933 ofa
997 3872 1091 3933 Greek
1101 3872 1197 3932 rather
1206 3873 1277 3934 than

179 3967 213 4026 of
231 3987 249 4026 a
274 3967 384 4028 Reman
398 3972 517 4045 writer5
540 3970 589 4030 the
610 3971 761 4031 induction
775 3991 853 4051 upon
872 3972 968 4032 which
983 3972 1007 4030 it
1022 3977 1092 4030 rests
1111 3971 1197 4048 being
1209 3990 1278 4049 sup·

178 4065 257 4143 plied
271 4066 343 4125 from
357 4067 407 4126 the
420 4069 562 4128 maritime
573 4069 741 4147 enterprises
755 4069 787 4128 of
796 4068 845 4128 the
859 4069 966 4129 Greeks
979 4069 1037 4128 and
1051 4067 1276 4146 Carthaginians

179 4161 247 4236 But,
262 4163 292 4221 in
307 4164 397 4236 truth,
412 4165 436 4224 it
454 4166 479 4224 is
499 4186 517 4226 a
537 4172 690 4227 statement
702 4166 736 4226 of
750 4173 831 4246 great
851 4167 958 4245 impert
979 4166 1037 4226 and
1050 4167 1230 4244 generality3
1251 4166 1284 4224 of

180 4279 218 4318 an
238 4260 346 4339 impert
369 4263 427 4322 and
451 4265 608 4342 generality
629 4265 769 4345 probably
789 4266 912 4342 scarcely
932 4263 1114 4344 appreciated
1139 4263 1177 4340 by
1196 4262 1279 4323 Taci-

180 4364 228 4418 tus
252 4358 374 4434 himself,
399 4359 456 4420 and
481 4362 620 4438 certainly
645 4363 865 4442 unappreciated
893 4363 932 4440 by
954 4360 1004 4422 the
1027 4360 1162 4438 majority
1180 4362 1213 4420 of
1232 4361 1278 4420 his

1108 4475 1124 4516 o
1139 4459 1156 4517 2
