3144 5148
576 441 853 499 urruuoorcnns.
1117 431 1256 506 lxxxvii

224 601 394 688 Procopius
409 603 517 669 makes
532 603 617 667 them
627 603 748 678 Goths;
767 605 822 670 bnt
840 605 888 670 bis
902 605 1053 691 language
1069 626 1143 692 may
1160 609 1255 695 apply

172 710 206 763 lo
231 702 314 767 their
328 704 464 790 politicel
487 704 641 774 relations,
659 702 780 770 besides
799 706 910 782 which,
937 705 976 770 he
1001 714 1146 772 conuecta
1168 707 1255 772 them

173 800 250 865 with
276 804 329 868 the
352 805 499 882 Vandole,
517 804 579 869 aud
602 825 673 888 says
693 803 762 869 that
782 806 859 892 they
876 828 956 870 were
978 806 1141 892 originally
1157 809 1255 873 called

174 902 365 969 Sauromata
379 905 441 970 aud
456 904 854 972 Meloncllaeai—Fordmd
877 901 953 982 ἔθνη
979 903 1096 968 πολλὰ
1117 900 1178 986 μὲν
1200 901 1256 966 καὶ

173 992 266 1059 ἄλλα
291 997 451 1085 πρότερόν
474 1023 511 1063 τε
535 998 574 1079 ἦν
600 999 656 1066 καὶ
684 1003 782 1066 τανῦν
810 997 892 1071 ἐστι,
919 994 961 1061 τὰ
990 994 1026 1061 δὲ
1055 994 1093 1076 δὴ
1122 996 1256 1061 πάντων

170 1095 316 1180 μείγιστά
331 1100 446 1184 τεκαὶ
470 1101 721 1185 ἀξιολογώτατα
740 1099 856 1167 Γότθοι
880 1100 916 1165 τέ
940 1097 1008 1164 εἰσι
1028 1098 1084 1164 καὶ
1100 1095 1255 1165 Βανδίλοι

173 1199 229 1264 καὶ
252 1202 466 1286 Οὐῖσθροτθοι
484 1206 540 1271 καὶ
560 1205 730 1288 Γήταιδες.
776 1204 890 1268 Πάλαι
911 1204 1024 1286 μέντοι
1044 1202 1255 1288 Σαυρομάται

171 1304 228 1368 καὶ
243 1309 496 1395 Μελάγχλαινοι
514 1310 726 1393 ὠνομάζοντο·
752 1308 819 1374 εἰσὶ
843 1305 878 1372 δὲ
901 1306 934 1372 ol
957 1305 1013 1372 καὶ
1037 1306 1155 1371 Γετικά
1178 1304 1254 1384 ἔθνη

170 1406 261 1474 ταῦτ’
277 1409 425 1476 ἐκάλουν.
470 1412 571 1479 Οὗτοι
595 1414 737 1484 ἅπαντες
760 1410 899 1494 ὀνόμασι
920 1410 981 1493 μὲν
1004 1409 1163 1488 ἀλλήλων
1187 1407 1256 1473 δια-

168 1511 335 1599 φέρουσιν,
366 1513 480 1601 ὥσπερ
510 1518 645 1603 εἴρηται,
675 1516 772 1602 ἄλλῳ
809 1513 845 1579 δὲ
881 1516 946 1579 τῶν
978 1511 1112 1578 πάντων
1148 1509 1254 1576 οὐδενὶ

171 1612 432 1684 διαλλάσσουσι.
475 1619 591 1686 Λευκοὶ
604 1619 667 1708 ’γάρ
683 1621 826 1690 άταντες
841 1616 883 1683 τὰ
894 1616 1035 1699 σώματά
1049 1614 1086 1681 τέ
1110 1613 1176 1680 εἰσι
1201 1614 1257 1679 καὶ

170 1715 229 1789 τὰς
255 1720 359 1803 κόμας
385 1721 509 1804 ξανθοὶ,
526 1724 675 1808 εὐμήκεις
699 1720 813 1789 τεκαὶ
841 1719 962 1803 άνγαθοὶ
986 1719 1046 1789 τάς
1071 1718 1179 1804 ὄψεις,
1201 1717 1257 1782 καὶ

172 1821 282 1905 νόμοις
295 1823 357 1907 μὲν
377 1829 446 1895 τοῖς
470 1827 580 1898 αὐτοῖς
600 1831 756 1915 χρῶνται,
779 1824 899 1907 ὁμοίως
920 1820 955 1887 δὲ
978 1822 1021 1887 τὰ
1046 1822 1079 1892 ἐς
1101 1821 1157 1888 τὸν
1181 1821 1259 1888 θεὸν

170 1925 281 1996 αὐτοῖς
295 1926 448 2008 ἤσκηται.
491 1934 556 2010 Τῆς
570 1929 633 2018 γὰρ
644 1929 764 2015 Ἀρείου
779 1927 875 2010 δόξης
895 1925 979 1992 εἰσιν
994 1924 1146 2000 ἅπαντες,
1164 1924 1255 2010 φωνή

169 2054 206 2092 τε
221 2029 331 2100 αὐτοῖς
347 2030 422 2096 ε’στι
430 2031 501 2115 μία,
511 2033 650 2114 Γοτθικὴ
665 2030 836 2115 λεγομένη,
858 2029 917 2096 καί
928 2054 986 2112 μοι
1001 2028 1117 2096 δοκοῦν
1132 2030 1169 2112 ἐξ
1185 2029 1254 2099 ε’νδς

167 2133 229 2213 μὲν
243 2129 325 2199 εἶναι
347 2131 490 2206 ἅπαντες
516 2135 553 2201 τὸ
577 2137 722 2202 παλαιὸν
746 2134 867 2208 ἔθνους,
892 2130 1033 2215 ὀνόμασι
1054 2131 1089 2198 δὲ
1115 2133 1255 2218 ὕστερον

168 2243 233 2306 τῶν
256 2241 407 2314 ἑκάστοις
426 2244 641 2329 ἡγησαμένων
663 2241 1024 2332 διακεκρίσθαι-ΒεΙΙ.
1037 2241 1172 2307 Vandal.
1185 2245 1204 2308 i.
1223 2246 1254 2308 2.

170 2356 295 2437 Πολλῷ
307 2349 343 2416 δὲ
356 2350 480 2419 ἄποθεν
495 2355 565 2438 (τῆς
581 2353 781 2438 Μαιώτιδος)
795 2350 913 2417 Γάτθοι
927 2376 963 2415 τε
974 2350 1031 2416 καὶ
1040 2351 1254 2434 Οὐῐσθγοτθοι

169 2453 225 2519 καὶ
240 2451 394 2520 Βανδίλοι
415 2455 524 2522 καὶτὰ
547 2456 640 2523 ἄλλα
660 2456 801 2523 Γοτθικὰ
815 2453 892 2537 ιγένη
916 2451 1091 2536 ξύμπαντα
1117 2451 1253 2542 ἵδρυντο.

168 2553 296 2617 -Bell
316 2553 412 2617 Goth.
427 2555 467 2620 iv.
483 2561 512 2621 5.

213 2652 265 2717 He
278 2653 365 2732 adds,
381 2663 444 2733 too,
461 2653 617 2741 Σκίῤῥους
629 2680 665 2719 τε
677 2653 733 2719 καὶ
745 2651 884 2719 Ἀλανο
894 2649 933 2720 ds
942 2649 1000 2714 καὶ
1012 2647 1104 2715 ἄλλα
1113 2650 1255 2718 Γὸτθικα

168 2750 377 2832 eom-Bell.
398 2754 494 2820 Goth.
519 2755 539 2819 i.
563 2759 593 2821 1.
655 2755 735 2820 Now
762 2754 816 2819 ibe
839 2753 939 2816 Alaus
966 2770 1057 2828 were,
1083 2753 1253 2839 assuredly,

168 2875 207 2916 no
224 2853 326 2919 Golbs
342 2854 374 2919 in
389 2855 567 2942 ctbuology.
613 2854 671 2920 See
688 2855 830 2939 §Alani

210 2953 277 3018 The
303 2954 460 3032 evidence,
488 2955 573 3032 theu,
602 2955 634 3020 in
665 2956 774 3021 favour
800 2953 837 3018 of
854 2951 935 3017 their
966 2951 1058 3038 being
1087 2952 1189 3017 Gotho
1219 2975 1254 3017 or

168 3051 327 3134 Germane,
343 3055 369 3120 is
384 3055 453 3119 that
468 3055 505 3120 of
521 3079 555 3120 so
569 3077 665 3141 many
679 3055 794 3120 othere.
846 3053 941 3118 Their
949 3053 1105 3128 alliauces‚
1121 3052 1183 3117 aud
1198 3053 1252 3117 the

167 3174 271 3219 names
288 3155 324 3218 of
343 3178 426 3220 some
448 3156 484 3220 of
502 3155 583 3219 their
603 3155 730 3234 leaders,
755 3154 847 3238 along
862 3152 938 3217 with
958 3153 1171 3235 e(so-called)
1188 3161 1250 3217 tra-

167 3251 265 3317 diliou
287 3276 338 3318 are
360 3256 393 3320 iu
415 3254 496 3321 their
509 3256 640 3331 faucum
669 3255 751 3320 their
769 3254 895 3339 localily
912 3254 1034 3340 against
1058 3253 1154 3318 them.
1207 3252 1249 3318 So

166 3351 192 3417 is
206 3352 260 3417 the
276 3353 358 3438 gloss
369 3356 519 3441 Gepoola.
553 3354 595 3419 So
612 3357 639 3421 is
655 3357 709 3421 lhe
725 3377 851 3440 express
866 3354 1012 3419 evidence
1023 3353 1060 3418 of
1069 3353 1249 3440 Procopius.

505 3555 627 3640 ἕαται.
648 3579 709 3619 uun
731 3579 902 3619 ruarrxnn.

215 3700 314 3767 These
329 3725 381 3767 ere
398 3701 465 3768 first
488 3703 666 3768 mentioued
680 3704 723 3788 by
741 3703 959 3783 Mamertinus,
975 3728 1037 3768 sn.
1054 3707 1115 3770 291
1133 3728 1141 3766 :
1168 3703 1250 3767 their

163 3801 290 3889 localily
301 3803 393 3889 being
413 3827 453 3868 ou
475 3804 529 3868 the
547 3803 668 3868 Middle
683 3803 826 3881 Danube,
842 3803 904 3869 aud
919 3804 1001 3869 their
1015 3802 1101 3868 chief
1111 3803 1246 3889 political

162 3901 309 3968 relations
330 3903 406 3968 with
432 3904 485 3969 the
512 3905 686 3990 lberoings,
716 3904 859 3982 Vondnls,
887 3905 1019 3991 Gepida,
1041 3904 1245 3984 colonotiis,

162 4001 435 4090 audLimiqantos.

210 4102 362 4180 Zosimus,
382 4126 423 4169 au
446 4104 621 4169 indifferent
634 4104 804 4190 authority,
820 4105 928 4170 makes
949 4105 1036 4170 them
1056 4103 1242 4189 Scytbiaus:

160 4201 431 4271 -Ἐτελθόντων
457 4204 491 4272 δὲ
521 4206 715 4294 Θαῑφάλων,
752 4206 915 4272 Σκυθικοῦ
947 4203 1069 4287 γένους,
1105 4204 1244 4271 ἱππεῦσι

159 4303 400 4379 πεντακοσίοις,
417 4305 454 4368 οὐ
467 4303 567 4389 μόνον
582 4307 640 4371 οὐκ
654 4305 855 4388 ἀντετάξατο
870 4303 1007 4378 τούτοις,
1023 4303 1115 4369 άλλά
1135 4303 1191 4370 καὶ
1206 4302 1244 4369 τὸ

158 4405 249 4471 τολι)
264 4411 321 4490 τῆς
345 4405 510 4492 δυνάμεως
534 4407 721 4485 enodanda
746 4408 803 4474 καὶ
826 4407 867 4474 τὰ
888 4405 990 4494 μέχρι
1014 4412 1072 4474 τοῦ
1095 4407 1243 4494 χάρακος
