3088 5080
536 455 828 511 rnouuconunn.
1092 439 1229 509 lxxxvii

181 619 323 683 XXIII.
350 617 538 684 Civitatibus
569 617 707 681 maxima
743 615 810 680 laus
844 623 902 690 cst,
937 639 1029 700 quam
1064 618 1230 684 latissimas

137 720 251 784 circum
276 743 308 785 se
323 719 454 784 rastatIa
478 717 588 782 finibus
610 714 791 782 solitudines
813 715 936 780 habere.
984 719 1055 782 Hoc
1071 719 1229 804 proprium

137 820 263 884 virtutis
291 819 482 894 existimant,
508 818 653 902 expulsos
684 815 766 902 agris
795 812 943 882 finitImos
975 817 1093 896 cedere,
1129 841 1228 902 neque

137 942 323 1005 quemquam
338 941 432 1005 prope
446 918 562 1016 pudere
577 917 760 982 consistere:
789 915 880 981 simul
897 917 956 982 hoc
968 941 1000 984 se
1017 917 1082 984 fore
1097 918 1229 984 tutiores

138 1021 338 1097 arbitrantur,
373 1005 542 1104 repe'ntinae
576 1016 759 1082 incursionis
797 1015 908 1082 timore
939 1017 1071 1084 sublato.
1124 1020 1229 1102 Quum

137 1120 254 1185 bellum
274 1120 384 1185 civitas
405 1127 461 1184 ant
483 1118 605 1184 illatum
628 1116 776 1194 defendit,
799 1124 855 1181 aut
876 1117 989 1183 infert:
1019 1120 1228 1205 magistratus,

139 1221 191 1304 qui
216 1220 243 1284 ei
268 1221 348 1285 bello
376 1221 513 1306 praesint,
539 1227 575 1284 nt
603 1218 676 1284 vitae
701 1217 844 1300 uecIsqne
869 1218 1005 1284 habeant
1030 1227 1229 1305 potestatem,

139 1319 327 1405 deligrmtur.
380 1321 418 1384 In
442 1341 517 1405 pace
543 1319 646 1384 nullus
672 1325 719 1383 est
742 1319 914 1384 communis
937 1320 1147 1406 magistratus,
1173 1320 1229 1386 sed

139 1421 291 1506 principes
322 1421 483 1506 regionum
514 1429 608 1504 atque
639 1439 788 1504 pagorum
818 1417 901 1483 inter
932 1442 1003 1486 suos
1029 1418 1083 1506 jus
1110 1420 1228 1497 dicunt,

138 1521 423 1606 controversiasque
437 1520 591 1585 minuunt.
637 1517 818 1583 Latrocinia
838 1519 955 1584 nullam
973 1521 1090 1586 habeut
1109 1519 1230 1585 infami-

139 1643 201 1698 am,
217 1643 286 1706 quae
303 1630 395 1686 extra
411 1619 486 1686 fines
501 1619 648 1707 cujusque
663 1618 800 1683 civitatis
820 1615 922 1692 finnt;
950 1629 1044 1706 atque
1068 1643 1106 1685 ea
1118 1619 1231 1708 juven·

138 1720 216 1786 tutis
232 1721 412 1786 exercendae
431 1743 469 1786 ao
491 1720 616 1786 desidiae
637 1719 812 1784 minuenda
833 1741 942 1786 caussa
963 1721 1028 1785 fieri
1051 1721 1231 1807 pradicant.

140 1820 258 1905 Atque,
273 1821 326 1885 ubi
350 1821 418 1904 quis
440 1843 480 1886 ex
502 1821 692 1906 principibus
713 1820 745 1884 iu
762 1819 892 1885 concilio
915 1821 1007 1899 dixit,
1034 1829 1096 1887 “se
1119 1821 1231 1887 ducem

142 1922 226 1995 fore;
260 1923 312 2004 qui
342 1921 559 2004 acquirebat,
589 1916 822 2006 profiteantur,''
846 1930 1035 2008 consurgunt
1062 1922 1093 2000 ii,
1122 1923 1174 2006 qui
1200 1931 1232 1988 et

140 2043 280 2084 caussam
303 2029 335 2084 et
356 2020 513 2085 hominem
535 2022 678 2106 probant,
701 2041 851 2104 suumque
876 2023 1027 2088 auxilium
1049 2023 1234 2108 pollicentur

140 2130 235 2203 atque
257 2120 298 2185 ab
325 2119 525 2185 multitudine
552 2119 788 2184 collaudantur:
826 2123 879 2204 qni
910 2145 950 2188 ex
977 2123 1016 2188 iis
1047 2123 1144 2188 secuti
1171 2147 1232 2188 non

142 2228 225 2296 sunt,
249 2220 282 2284 in
305 2220 497 2285 desertorum
519 2242 556 2285 ac
582 2219 773 2305 proditorum
799 2241 927 2286 numero
952 2223 1109 2288 ducuntur
1134 2225 1231 2288 omni·

141 2343 254 2404 nmque
269 2321 307 2386 iis
321 2343 424 2385 rerum
444 2329 552 2406 postea
566 2319 643 2386 fides
658 2319 835 2403 derogatur.
881 2323 1031 2408 Hospites
1045 2324 1170 2400 violare,
1186 2325 1233 2390 fas

140 2443 201 2484 non
219 2429 354 2506 putant;
379 2423 431 2505 qni
447 2443 568 2506 quaque
593 2420 631 2485 de
647 2440 755 2485 caussa
769 2418 810 2482 ad
828 2443 880 2487 eos
896 2423 1047 2498 venerint,
1065 2423 1106 2488 ab
1121 2423 1233 2510 injuria

142 2521 306 2605 prohibent
338 2529 521 2606 sanctosque
552 2521 689 2596 habent;
731 2519 769 2584 iis
790 2521 936 2587 vomnium
969 2522 1080 2588 domus
1111 2533 1232 2608 patent,

140 2621 300 2706 victusque
315 2623 572 2687 communicatur.

186 2722 324 2787 XXIV.
347 2723 397 2786 Ac
429 2723 489 2788 fnit
518 2731 611 2788 autea
646 2729 780 2809 tempus,
813 2745 909 2808 quum
943 2721 1115 2788 Germanos
1147 2723 1229 2788 Galli

139 2823 255 2886 virtute
282 2830 475 2908 superarent,
499 2823 583 2888 ultro
614 2823 697 2890 bella
727 2823 885 2900 inferrent,
914 2832 1041 2910 propter
1071 2824 1231 2889 hominum

138 2923 371 2988 multitudinem
394 2923 520 3009 agrique
541 2924 678 3010 inopiam
700 2931 787 2989 trans
808 2924 955 2989 Rhenum
977 2922 1112 2990 colonias
1126 2925 1231 2990 mitte-

138 3030 218 3086 rent.
265 3023 376 3108 Itaque
393 3046 440 3103 ea,
453 3047 522 3108 quaa
537 3023 726 3089 fertilissima
742 3033 824 3103 aunt,
842 3025 1017 3089 Germania
1032 3023 1100 3090 loca
1114 3025 1230 3090 circum

140 3121 332 3209 Hercyniam
359 3123 468 3188 silvam
494 3127 603 3209 (qnam
625 3123 827 3190 Eratostheni
854 3132 886 3189 et
907 3125 1091 3208 quibusdam
1114 3124 1231 3193 Gracia

138 3221 221 3287 fama
235 3231 342 3289 uotam
360 3246 426 3290 essc
442 3224 542 3302 rideo,
560 3247 651 3310 quam
668 3225 713 3289 illi
731 3224 901 3311 Orcyniam
918 3225 1103 3310 adpellant),
1118 3225 1228 3292 Volcoe

138 3323 324 3410 Tectosages
348 3332 577 3410 occupaverunt
598 3334 693 3409 atque
718 3325 761 3390 ibi
788 3326 1004 3392 consederunt.
1049 3326 1125 3408 Quae
1153 3349 1229 3412 gens

136 3423 256 3488 adhoc
282 3433 406 3510 tempus
431 3425 469 3490 iis
497 3425 622 3490 sedibus
644 3447 711 3491 sese
736 3427 874 3492 eontinet
900 3447 1113 3510 summamque
1134 3427 1229 3492 habet

130 3521 264 3610 justitiae
282 3533 314 3590 et
334 3525 450 3590 bellice
473 3524 574 3591 laudis
594 3525 788 3612 opinionem:
814 3549 895 3592 nunc
917 3549 1037 3610 quoqne
1062 3527 1094 3590 in
1121 3526 1230 3592 eadem

135 3625 250 3710 inopia,
278 3633 425 3712 egestate,
452 3627 612 3711 patientia,
640 3648 702 3709 qua
728 3627 887 3706 (lamani,
913 3635 1096 3712 permanent
1121 3625 1230 3692 eodem

138 3725 222 3790 victu
253 3735 285 3792 et
315 3727 402 3791 cultu
432 3726 568 3812 corporis
598 3733 754 3801 utuntur;
799 3727 899 3793 Gallis
928 3735 1033 3792 autem
1063 3726 1229 3810 provinciae

138 3825 361 3911 propinquitas,
391 3835 424 3892 et
453 3827 729 3892 transmarinarum
763 3849 867 3892 rerum
902 3826 1026 3901 notitia,
1059 3827 1160 3892 multa
1188 3828 1229 3892 ad

136 3927 257 4010 copiam
281 3935 375 4012 atque
400 3949 474 3992 usus
499 3927 640 4012 largitur.
687 3926 857 3992 Paullatim
882 3927 1055 3992 adsuefacti
1079 3928 1227 4013 superari,

136 4025 302 4111 multisque
327 4028 402 4094 victi
428 4027 551 4113 proeIiIs,
582 4051 622 4092 ne
646 4049 679 4092 se
701 4026 826 4111 quidem
848 4027 906 4114 ipsi
932 4051 1003 4092 curn
1028 4028 1089 4094 illis
1110 4029 1227 4094 virtute

135 4134 327 4210 comparant.

178 4225 298 4291 XXV.
323 4227 429 4314 Hujus
460 4227 628 4314 Hercynia
660 4229 755 4308 silva,
789 4251 857 4313 quea
890 4251 984 4314 supra
1014 4229 1227 4295 demonstrata

136 4333 193 4404 est,
221 4325 354 4393 latitudo
377 4351 489 4394 novem
511 4330 631 4394 dierum
657 4329 716 4394 Iter
743 4330 890 4415 expedito
912 4336 1018 4414 patet:
1054 4352 1114 4394 non
1144 4330 1226 4394 enirn

135 4426 227 4492 aliter
243 4425 323 4492 liniri
338 4437 449 4514 potest,
464 4453 563 4515 nequa
577 4453 736 4498 mensuras
750 4431 896 4496 itinerum
910 4439 1072 4495 noverunt.
1120 4431 1228 4495 Oritur
