3088 5080
545 425 837 482 rnonnoounnx.
1138 409 1239 480 lxxxi

146 582 318 651 adventum
336 592 516 672 exspectare
533 593 626 672 atque
648 587 690 652 ibi
715 587 873 652 decertare
894 586 1102 652 constituisse.
1148 585 1240 669 Quod

148 684 202 749 ubi
228 685 333 752 Oaesar
355 687 516 773 comperit,
547 687 691 753 omnibns
722 688 771 753 his
802 689 893 754 rebus
922 687 1079 766 confectis,
1109 708 1240 771 quarum

147 807 250 850 rerum
282 809 390 854 caussa
419 787 618 853 transducere
649 789 821 854 exercitum
850 788 1063 864 constituerat,
1096 795 1132 852 ut
1162 786 1239 850 Ger·

146 886 247 951 manis
270 895 387 952 metum
410 887 558 974 injiceret,
581 897 618 953 ut
641 887 820 974 Sigambros
840 889 1048 965 ulcisceretur,
1072 894 1108 952 ut
1138 886 1240 952 Ubios

146 984 306 1052 obsidione
333 988 488 1064 liberaret,
511 986 620 1054 diebus
646 989 772 1055 omnino
788 1011 821 1054 x.
837 998 870 1055 et
892 1011 960 1054 vrrr.
984 995 1071 1054 trans
1093 987 1239 1053 Rhenum

148 1087 327 1166 consumtis,
351 1087 427 1154 satis
451 1097 483 1156 et
512 1090 554 1154 ad
584 1088 709 1154 laudem
736 1099 768 1155 et
796 1089 837 1154 ad
869 1089 1038 1156 utilitatem
1066 1089 1240 1174 profectum

145 1185 323 1266 arbitratus,
338 1211 370 1254 se
385 1189 417 1254 in
435 1188 569 1256 Galliam
584 1189 700 1275 recepit
716 1199 902 1276 pontemque
917 1188 1054 1256 rescidit.

524 1387 594 1428 (ΗΕΒ.
611 1387 695 1427 BELL.
711 1387 799 1427 GALL.
815 1387 860 1429 Vl·

194 1485 258 1550 IX.
283 1486 396 1565 Caesar,
429 1495 594 1574 postquam
624 1511 664 1552 ex
697 1487 853 1574 Menapiis
889 1486 922 1552 in
961 1486 1106 1552 Treviros
1142 1485 1237 1563 venit,

148 1584 269 1652 duabus
291 1586 330 1652 de
352 1588 467 1654 caussis
488 1589 634 1654 Rhenum
657 1589 787 1654 transire
809 1587 989 1654 constituit:
1017 1608 1149 1671 quarum
1172 1593 1239 1650 erat

147 1685 256 1766 altera,
280 1687 362 1772 quod
386 1689 503 1754 auxilia
524 1697 632 1756 contra
655 1712 689 1756 se
714 1689 849 1754 Treviris
874 1688 1044 1759 miserant;
1069 1687 1176 1763 alteru,
1200 1709 1239 1750 ne

149 1784 317 1852 Ambiorix
340 1786 382 1852 ed
406 1811 458 1855 ecs
478 1798 638 1875 receptum
663 1789 801 1856 haberet.
854 1787 916 1854 His
936 1787 1115 1852 constitutis
1136 1787 1238 1863 rebus,

150 1886 287 1969 paullum
305 1909 398 1971 supra
412 1911 483 1953 eum
508 1891 699 1975 locumque
721 1899 794 1955 ante
814 1889 985 1955 exercitum
1006 1888 1237 1964 transduxerat,

148 1984 250 2048 facere
268 1994 393 2070 pontem
419 1989 564 2054 instituit.
609 1989 695 2056 Nota
710 1998 803 2074 atque
820 1989 966 2056 instituta
979 1989 1108 2067 ratione,
1126 2009 1240 2072 magno

149 2083 286 2150 militum
301 2084 414 2164 studio,
437 2089 543 2172 paucis
564 2087 673 2155 diebus
694 2112 771 2175 opus
794 2087 935 2154 efficitur.
980 2087 1087 2154 Firmo
1112 2088 1144 2152 in
1165 2087 1240 2152 Tre-

149 2183 225 2250 viris
241 2185 385 2270 praesidio
401 2187 442 2253 ad
459 2195 586 2273 pontem
610 2189 727 2266 relicto,
751 2189 873 2273 nequis
892 2189 933 2254 ab
955 2189 993 2255 iis
1018 2189 1120 2254 subito
1136 2196 1240 2253 motus

149 2285 288 2363 oriretur,
313 2287 446 2374 reliquas
468 2289 572 2374 copiae
589 2288 821 2374 equitatumque
845 2288 1028 2354 transducit.
1077 2287 1163 2366 Ubii,
1187 2287 1239 2373 qui

150 2393 224 2450 ente
239 2386 360 2453 obsides
376 2388 526 2454 dederant
542 2397 636 2474 atque
658 2388 690 2453 in
709 2389 897 2454 deditionem
912 2396 1070 2465 venerunt,
1085 2388 1238 2474 purgandi

150 2484 198 2550 sui
222 2507 331 2554 caussa
350 2489 392 2552 ad
411 2511 482 2554 eum
501 2489 621 2575 legatos
643 2489 784 2566 mittunt,
800 2489 853 2573 qui
879 2488 1021 2566 doceant,
1046 2494 1176 2572 “neque
1198 2509 1239 2552 ex

148 2607 206 2652 sue
230 2587 357 2653 civitate
379 2589 496 2654 auxilia
521 2589 552 2656 in
583 2590 726 2656 Treviros
747 2591 850 2667 missa,
883 2611 982 2673 neque
1013 2588 1054 2653 ab
1083 2611 1115 2653 se
1145 2586 1239 2652 fidem

149 2685 255 2754 laesarn
268 2687 297 2752 :”
320 2697 431 2776 petunt
459 2698 553 2776 atque
575 2698 676 2769 orant,
700 2697 768 2756 “ut
790 2689 848 2756 sibi
874 2697 991 2775 parcat,
1017 2711 1056 2754 ne
1084 2688 1238 2753 communi

148 2787 220 2852 odio
238 2787 463 2857 Germanorum
477 2792 655 2858 innocentes
673 2813 728 2876 pro
745 2791 926 2856 nocentibus
941 2812 1045 2875 poenes
1059 2787 1198 2874 pendant
1209 2787 1238 2851 :’'

147 2887 174 2954 si
203 2889 336 2974 amplius
357 2890 499 2956 obsidum
523 2891 607 2970 velit,
631 2892 705 2956 darc
727 2892 921 2976 pollicentur.
981 2889 1114 2976 Cognita
1136 2887 1239 2955 Ueesar

147 3011 256 3055 caussa
279 2991 401 3076 reperit,
426 2992 466 3056 ab
483 2991 592 3057 Suavis
617 2991 734 3057 auxilia
760 2993 855 3058 missa
876 3013 952 3068 esse,
971 2989 1127 3056 Ubiorum
1148 2989 1239 3056 satis·

147 3089 313 3156 factionem
326 3093 456 3178 accepit,
472 3092 577 3158 editus
594 3093 719 3176 viasque
733 3091 763 3156 in
781 3091 898 3156 Suevos
912 3091 1070 3176 perquirit.

193 3189 239 3253 X.
269 3190 398 3256 lnterim
439 3193 544 3278 paucis
577 3200 647 3278 post
686 3192 796 3258 diebus
829 3189 865 3256 fit
902 3192 943 3257 ab
980 3191 1074 3256 Ubiis
1114 3189 1236 3266 certior,

148 3291 267 3357 Suevos
288 3314 395 3358 omnes
420 3316 517 3358 unum
539 3294 570 3358 in
592 3293 694 3358 locum
724 3291 828 3378 copias
857 3315 965 3377 cogere
994 3299 1088 3376 atque
1114 3290 1153 3356 iis
1183 3313 1238 3354 na-

148 3391 294 3468 tionibus,
310 3415 378 3477 quae
395 3393 453 3458 sub
467 3416 574 3458 eorum
589 3393 651 3458 sint
672 3392 809 3477 imperio,
828 3392 1023 3470 denunciare,
1046 3391 1094 3455 nti
1119 3390 1236 3455 auxilia

148 3493 308 3578 peditatus
335 3493 550 3579 equitatusque
577 3495 715 3558 mittant.
785 3491 846 3558 His
871 3492 1002 3578 cognitis
1035 3491 1137 3568 rebus,
1170 3512 1235 3554 rem

146 3592 380 3660 fiumentarium
403 3593 557 3680 providet,
580 3593 689 3660 castris
710 3593 854 3658 idoneum
877 3593 979 3657 locum
1006 3590 1123 3676 deligit,
1143 3589 1236 3654 Ubiis

147 3693 290 3780 imperat,
307 3701 343 3758 nt
360 3716 472 3780 peoora.
489 3693 645 3759 deducant
660 3716 777 3778 suaque
791 3693 895 3758 omnia
914 3715 954 3758 ex
976 3691 1059 3777 agris
1074 3691 1104 3754 in
1121 3689 1236 3775 oppida

147 3794 318 3871 conferant,
342 3817 479 3880 sperans,
502 3795 648 3860 barbaros
668 3801 761 3878 atque
782 3793 942 3879 imperitos
963 3791 1113 3868 homines,
1131 3790 1236 3875 inopia

147 3895 331 3960 cibaricmm
348 3894 509 3972 adductos,
528 3895 569 3959 ad
586 3894 723 3980 iniquam
746 3893 905 3979 pugnandi
922 3892 1130 3958 conditionem
1145 3913 1234 3975 posse

148 3993 277 4060 deduci:
302 3995 440 4074 mandet,
460 4003 496 4060 ut
518 3995 641 4060 crebros
666 3995 876 4080 exploratores
900 3993 931 4057 in
953 3993 1071 4058 Suevos
1094 3991 1232 4069 mittant,

147 4117 273 4180 quaque
288 4095 371 4180 apud
386 4117 437 4160 eos
453 4104 610 4181 gerantur,
628 4101 825 4181 cognoscant.
871 4093 922 4157 llli
941 4091 1094 4177 imperata
1115 4092 1235 4156 faciunt

147 4205 179 4261 et
201 4195 306 4280 paucis
329 4195 438 4261 diebus
461 4195 643 4262 intermissis
660 4195 808 4272 referunt,
836 4192 989 4258 “Suevos
1010 4214 1125 4268 omnes,
1147 4200 1233 4277 post-

146 4317 277 4380 eaquam
291 4297 436 4362 certiores
450 4296 553 4362 nuncii
564 4296 603 4362 de
619 4296 757 4361 exercitu
774 4295 983 4359 Romanorum
997 4290 1148 4370 venerint,
1161 4313 1232 4356 cum

146 4396 289 4462 omnibns
315 4395 378 4462 suis
394 4396 605 4482 sociorumque
627 4395 733 4482 copiis,
750 4417 826 4481 quas
848 4393 1028 4480 coegissent,
1050 4392 1174 4478 penitus
1190 4390 1233 4456 ad

1064 4516 1084 4579 9
