3226 5088
529 419 628 476 nora
653 417 704 474 on
729 415 888 474 suenoni
915 413 992 470 xxi.
1256 390 1300 463 71

216 590 375 672 tumque,
409 586 582 672 quantum
613 578 658 650 ad
692 577 753 671 jus
786 575 941 669 hospitii,
976 592 1081 642 nemo
1124 564 1304 636 discernit.

217 695 389 778 Abeunti,
420 697 448 765 si
488 695 574 786 quid
616 695 827 787 poposcerit,
862 690 1056 763 concedere
1101 683 1227 754 moris:
1267 689 1306 750 et

216 813 383 906 poscendi
411 812 564 882 invicem
588 813 712 882 eadem
738 811 901 881 facilitas.
953 805 1121 878 Gaudent
1151 797 1307 870 muneri-

217 930 305 1000 bus:
332 929 393 999 sed
410 951 476 999 nec
493 928 577 999 data
593 929 784 1020 imputant,
803 949 869 998 nec
886 925 1042 1018 acceptis
1060 920 1273 1013 obligantur.

588 1133 662 1175 NO'PR
682 1133 719 1173 orl
741 1131 857 1173 BBO'HON
878 1131 941 1171 XXI.

258 1275 268 1310 ¹
290 1265 763 1348 Suscipere—inimicitioa]-l'he
776 1267 904 1343 liability
913 1266 950 1334 ,of
961 1266 1072 1344 private
1091 1261 1228 1341 quarrels,
1243 1255 1309 1328 and,

218 1367 347 1446 perhaps,
367 1387 437 1426 eren
459 1366 509 1425 the
530 1365 706 1444 recognition
727 1365 759 1424 of
776 1364 825 1424 the
845 1363 924 1442 right
944 1363 977 1422 os
993 1362 1105 1442 private
1126 1357 1242 1418 uariare
1267 1355 1310 1414 in-

219 1465 319 1524 volved
338 1465 369 1524 in
384 1465 442 1523 this
456 1470 574 1536 custom,
588 1483 706 1542 appears
720 1469 751 1522 at
770 1461 821 1522 tha
834 1461 991 1541 beginning
1004 1460 1037 1519 cf
1053 1458 1102 1518 the
1117 1456 1192 1536 legal
1211 1451 1310 1535 period

219 1564 310 1622 under
323 1583 399 1622 some
411 1563 485 1621 form
499 1561 532 1620 of
541 1560 590 1619 the
603 1568 666 1620 root
673 1562 729 1637 f-li.

262 1663 297 1720 ln
311 1660 361 1719 the
375 1660 487 1718 Frisian
502 1659 580 1718 Inus
595 1658 649 1738 (xi.
665 1660 706 1737 2),
721 1657 770 1718 the
782 1657 855 1716 form
870 1657 894 1716 is
900 1657 1111 1734 selbez-fiad.

261 1758 366 1816 Faehte
387 1757 511 1816 itselfis
534 1776 551 1815 a
575 1756 733 1815 derivation
759 1756 791 1815 of
802 1753 1087 1832 fci=soc.-Saxcns
1115 1752 1146 1810 in
1171 1744 1303 1826 Englaud

220 1855 301 1934 ohap.
317 1876 345 1913 x.

660 2053 873 2064 -—.-.....

275 2269 408 2342 XXII.
440 2268 570 2341 Victus
592 2269 686 2340 inter
711 2270 869 2364 hospites
891 2272 1010 2342 comis.
1058 2269 1190 2341 Statim
1216 2293 1237 2340 e
1265 2293 1316 2340 so

225 2411 320 2471 mno,
347 2411 454 2480 quem
479 2386 689 2480 plerumque
715 2389 870 2458 indiam
899 2388 1103 2472 extrahunt,
1130 2389 1316 2469 lavantur,¹

226 2507 353 2597 saepiirs
380 2503 505 2588 oalidai,
523 2514 565 2576 ut
582 2506 676 2598 apud
698 2529 786 2598 quos
808 2505 1004 2600 plurimum
1022 2505 1138 2578 hiems
1155 2513 1317 2598 occupat.

226 2621 345 2706 Lauti,
363 2623 482 2693 cibum
500 2623 668 2716 capiunt:
700 2633 869 2716 separatae
893 2624 1042 2718 singulis
1067 2624 1177 2706 sedes,
1197 2630 1235 2692 et
1256 2644 1320 2692 sua

224 2740 351 2832 cuique
376 2761 509 2810 mensa.
560 2738 652 2809 Tum
679 2740 725 2809 ad
752 2743 907 2835 negotia,
925 2763 991 2811 nec
1011 2741 1129 2810 minus
1156 2759 1247 2830 saepe
1274 2737 1318 2808 ad

225 2857 385 2927 convivia
417 2843 614 2949 procedunt
647 2858 786 2927 armati.
847 2857 955 2928 Diem
988 2866 1203 2950 noctemque
1236 2878 1320 2925 con-

225 2975 365 3044 tinuare
399 2973 565 3066 potando,
595 2972 686 3043 nulli
720 2974 899 3067 probrum.
962 2973 1113 3056 Crebrae,
1145 2981 1187 3044 ut
1225 2973 1321 3043 inter

226 3090 426 3162 vinolentos
448 3091 543 3174 rixae,
561 3086 641 3162 rard
670 3092 849 3172 conviciis,
868 3092 993 3184 saepius
1021 3091 1116 3162 caede
1141 3100 1179 3162 et
1196 3090 1320 3161 vulne·

226 3208 323 3278 ribus
344 3209 598 3302 transiguntur.
651 3206 724 3278 Sed
748 3218 786 3279 et
812 3209 856 3280 de
879 3208 1148 3279 reconciliandis
1165 3207 1319 3278 invicem

226 3325 389 3407 inimicis,
423 3332 461 3394 at
493 3323 687 3417 jungendis
725 3325 979 3410 adfinitatibus
1013 3333 1050 3395 et
1084 3325 1319 3396 adsciscendis

226 3437 452 3534 principibus,
481 3441 526 3510 de
553 3463 640 3534 pace
668 3442 821 3534 denique
849 3465 890 3514 ao
919 3442 1014 3514 bello
1043 3441 1253 3535 plerumque
1279 3442 1317 3511 in

227 3558 396 3629 concinis
419 3557 641 3629 consultant:
676 3567 860 3652 tamquam
889 3559 990 3630 nullo
1018 3560 1131 3652 magis
1157 3567 1319 3652 temporo

227 3683 289 3746 aut
316 3675 362 3746 ad
389 3673 567 3768 simplices
596 3675 829 3768 cogitationes
856 3683 978 3769 pateat
1007 3675 1157 3759 animus,
1181 3685 1244 3746 aut
1274 3677 1319 3747 ad

226 3813 372 3885 magnas
404 3790 606 3863 incalescat.
677 3789 776 3863 Gens
809 3815 882 3862 uon
916 3801 1045 3876 astuta,
1079 3815 1146 3863 neo
1180 3793 1317 3876 callida,

227 3910 341 4002 aperit
365 3907 481 3980 adhuc
507 3916 643 3980 secreta
659 3911 820 4002 pectoris,
839 3907 984 3980 licentia
999 3909 1085 4001 joci.
1138 3909 1234 4004 Ergo
1259 3911 1320 3980 de·

227 4031 324 4096 tecta
349 4033 386 4094 et
402 4025 499 4096 nuda
524 4026 684 4097 omnium
710 4049 820 4110 mens,
837 4025 978 4120 posterii
1002 4027 1059 4097 die
1083 4033 1319 4111 retractatum

143 4191 145 4194 -
226 4150 265 4211 ct
299 4141 395 4214 salva
427 4143 610 4235 utriusque
644 4145 814 4237 temporis
846 4146 936 4216 ratio
971 4155 1036 4215 est.
1097 4143 1318 4228 Deliberant,

228 4258 314 4328 dum
344 4259 478 4353 fingere
504 4261 688 4334 nesciunt:
723 4261 955 4347 constituunt,
984 4261 1069 4333 dum
1100 4284 1215 4332 errare
1249 4285 1320 4332 non

228 4385 385 4468 possunt.
579 4379 590 4388 “
