3088 5080
269 388 367 459 lxxii
534 403 611 458 rna
636 401 817 458 asnnanr
844 403 894 502 on
919 405 1087 464 suerrus.

269 568 404 634 Romani
429 565 536 650 velint,
558 587 648 652 posse
673 563 719 632 eis
742 564 836 632 utiles
857 589 923 632 esse
947 569 1083 636 amicos:
1112 571 1161 637 rel
1185 571 1243 638 sibi
1272 597 1372 662 agros

267 669 455 747 attribuant,
482 666 531 731 vel
552 665 714 751 patiantur
735 688 788 732 eos
804 673 920 747 tenere,
943 691 1020 753 quos
1044 672 1138 737 armis
1159 675 1371 758 possederint.

269 769 345 834 Sese
372 767 442 833 unis
469 766 579 833 Suavis
605 764 786 842 concedere,
812 765 924 851 quibus
942 789 982 833 ne
1010 770 1054 836 dii
1084 772 1209 856 quidem
1236 774 1369 842 immor·

266 869 347 935 tales
363 891 452 955 pares
468 889 535 933 esse
549 865 689 952 possint:
713 865 865 951 reliquum
882 867 1006 953 quidem
1022 871 1053 936 iu
1071 874 1162 939 terris
1176 897 1242 940 esse
1263 878 1369 942 nemi·

267 992 348 1049 uem,
367 991 458 1053 quem
474 990 536 1032 non
553 989 699 1053 superare
713 967 865 1052 possint.''

311 1068 414 1134 VIII.
436 1067 491 1132 Ad
512 1068 579 1132 baec
603 1067 718 1141 Oaesar,
736 1066 917 1150 quavisum
933 1076 991 1146 est,
1007 1071 1187 1156 respondit;
1214 1073 1271 1139 sed
1293 1078 1366 1143 exi-

267 1177 319 1236 tus
338 1169 398 1235 fnit
409 1167 572 1234 orationis:
597 1165 692 1231 “Sibi
710 1167 828 1232 nullam
843 1189 913 1232 cum
929 1168 977 1234 bis
993 1170 1164 1238 amicitiam
1177 1195 1244 1239 esse
1257 1197 1361 1260 possa

267 1270 292 1335 si
317 1270 350 1334 iu
376 1268 480 1334 Gallia
506 1275 724 1333 remanerent:
749 1289 848 1351 neque
870 1290 978 1333 rerum
1005 1293 1082 1348 esse,
1108 1273 1161 1356 qui
1183 1296 1254 1340 snos
1280 1274 1363 1344 lines

265 1371 346 1436 tueri
372 1392 435 1435 uon
456 1367 624 1455 potuerint,
648 1367 764 1432 alienos
786 1389 956 1454 occupare:
980 1393 1080 1455 neque
1102 1372 1181 1439 ullos
1198 1374 1231 1440 iu
1251 1375 1362 1444 Gallia

264 1493 374 1537 vacare
402 1493 504 1556 agros,
537 1468 592 1555 qui
624 1467 692 1532 dari
721 1475 819 1532 tantae
852 1469 1022 1553 pracsertim
1055 1471 1259 1552 multitudini,
1288 1477 1362 1544 siue

263 1569 377 1658 injuria
404 1570 534 1657 possint.
592 1567 656 1632 Sed
682 1567 783 1645 licere,
811 1590 843 1634 se
860 1568 968 1647 velint,
995 1569 1028 1636 in
1057 1572 1212 1638 Ubiorum
1240 1573 1361 1644 tinibus

263 1673 432 1750 considere,
461 1692 590 1754 quorum
613 1667 677 1734 siut
703 1667 798 1754 legati
824 1667 908 1754 apud
930 1691 964 1735 se
985 1679 1017 1736 et
1040 1671 1078 1736 de
1102 1672 1274 1740 Suevornm
1305 1679 1361 1743 in.

256 1769 350 1858 juriis
381 1777 550 1855 querantur
578 1775 610 1834 et
639 1789 660 1832 a
690 1789 723 1834 se
754 1769 906 1834 auxilium
930 1778 1061 1856 petant,
1093 1774 1152 1839 boc
1184 1797 1216 1841 se
1245 1777 1287 1842 ab
1315 1777 1359 1846 iis

261 1869 521 1958 impetraturum)

265 1996 268 2004 ·
308 1972 375 2038 IX.
399 1969 510 2056 Legati
545 1967 613 2033 hcc
650 1991 684 2034 se
723 1967 765 2034 ad
791 1991 864 2036 snos
892 1969 1044 2038 relaturos
1072 1972 1220 2041 dixemnt
1246 1983 1289 2057 et,
1319 2001 1359 2045 re

262 2073 445 2149 deliberata,
461 2077 532 2155 post
549 2067 631 2134 diem
648 2069 777 2134 tertium
792 2071 833 2134 ad
850 2069 1004 2136 Caesarem
1019 2095 1207 2141 reversuros:
1232 2077 1358 2146 interea

261 2197 301 2238 ue
329 2171 456 2260 propius
482 2193 515 2236 se
541 2177 643 2236 castra
666 2177 815 2250 moveret,
841 2171 1010 2256 petierunt.
1055 2181 1076 2212 “
1090 2174 1138 2240 Ne
1163 2175 1196 2240 id
1224 2177 1355 2261 quidem

261 2273 367 2341 Oaesar
387 2272 428 2340 ab
450 2295 482 2338 se
504 2270 663 2357 impetrari
685 2269 805 2356 posse”
826 2271 930 2347 dixit;
955 2283 1140 2358 cognoverat
1156 2276 1248 2354 enim,
1263 2301 1353 2365 mag-

259 2395 334 2440 nam
360 2368 481 2461 partem
508 2372 665 2457 equitatus
691 2371 732 2436 ab
756 2370 795 2436 iis
816 2371 935 2457 aliquot
958 2372 1066 2438 diebus
1088 2383 1162 2442 ante
1187 2377 1353 2462 praedandi

259 2473 529 2559 frumentandique
552 2494 662 2538 caussa
678 2471 719 2537 ad
737 2471 951 2538 Ambivaritos
968 2481 1054 2540 trans
1071 2475 1194 2542 Mosam
1211 2479 1352 2546 missam.

260 2575 331 2642 Hos
347 2573 520 2662 exspectari
538 2572 657 2657 equites
669 2581 763 2657 atque
778 2569 844 2658 ejus
860 2573 904 2639 rei
920 2595 1028 2640 caussa
1049 2598 1168 2643 moram
1183 2578 1349 2664 interponi,

257 2676 480 2744 arbitrabatur.

302 2778 349 2842 X.
374 2777 468 2840 Mosa
493 2769 619 2860 produit
651 2793 691 2835 ex
719 2778 825 2836 monte
843 2771 979 2858 Vosego,
1012 2773 1066 2859 qui
1097 2783 1144 2841 est
1176 2775 1208 2842 in
1234 2776 1352 2848 finibus

260 2877 447 2964 Lingonum,
464 2880 506 2954 et,
526 2879 614 2959 parte
636 2869 770 2955 quadarn
793 2893 833 2936 ex
855 2873 966 2938 Rheno
988 2883 1123 2962 recepta,
1146 2901 1216 2962 quae
1238 2879 1349 2964 adpel-

257 2976 342 3042 latur
371 2974 505 3040 Vahalis
542 2972 735 3055 insulamque
768 2970 862 3036 efficit
892 2972 1097 3053 Batavorum,
1126 2976 1159 3042 in
1186 2978 1348 3046 Oceanum

257 3074 369 3154 influit,
404 3097 504 3160 neque
533 3072 654 3158 longius
684 3073 726 3137 ab
755 3071 880 3138 Oceano
906 3074 1042 3141 millibus
1070 3099 1216 3162 passuum
1249 3103 1349 3146 nxxx.

256 3178 288 3242 in
304 3177 450 3241 Rhenum
468 3173 590 3240 transit.
634 3172 763 3239 Rhenus
785 3182 892 3239 autem
917 3175 1017 3240 oritur
1042 3199 1083 3242 ex
1109 3177 1277 3264 Lepontiis,
1293 3181 1347 3265 qui

256 3277 355 3365 Alpes
369 3277 517 3356 incolunt,
533 3284 565 3341 et
587 3274 678 3360 longo
702 3273 802 3359 spatio
825 3298 880 3360 per
900 3272 977 3341 fines
990 3275 1207 3356 Nantuatium,
1228 3279 1350 3347 Helve-

255 3379 381 3453 tiorum,
408 3378 630 3463 Sequanorum,
656 3373 974 3456 Mediomatricorum,
1003 3376 1215 3458 Tribocorum,
1240 3381 1348 3448 Trevi-

254 3501 359 3545 rorum
385 3477 500 3544 eitatus
524 3477 623 3542 fertur
647 3482 692 3552 et,
709 3475 762 3540 ubi
786 3475 912 3542 Oceano
933 3477 1171 3565 adpropinquat,
1186 3481 1219 3545 in
1242 3483 1347 3568 plnres

254 3577 368 3644 diffluit
393 3586 507 3665 partes,
529 3576 637 3642 multis
660 3576 897 3660 ingentibusque
924 3576 1032 3648 insulis
1057 3579 1184 3660 effectis,
1213 3604 1345 3666 quarum

254 3701 326 3766 pars
339 3701 454 3765 magna
470 3701 490 3742 a
502 3677 575 3743 feris
589 3675 789 3759 barbarisque
804 3676 981 3742 nationibus
998 3673 1144 3744 lncolitur
1162 3685 1217 3763 (ex
1233 3683 1344 3769 quibus

252 3789 337 3854 snut,
369 3781 423 3864 qui
452 3777 586 3865 Piscibus
612 3785 708 3860 atque
737 3776 804 3841 ovis
837 3776 943 3842 arium
974 3779 1079 3844 vivere
1108 3779 1342 3870 existimantur)

251 3881 420 3965 multisque
434 3879 587 3967 capitibus
600 3879 632 3942 in
648 3875 809 3941 Oceanum
822 3874 936 3942 influit.

297 3978 366 4046 XI.
392 3980 496 4047 Oaesar
525 3999 620 4062 quum
650 3976 691 4040 ab
723 3975 813 4042 hoste
846 4000 908 4042 non
936 3977 1070 4065 amplius
1101 4001 1249 4064 passuum
1282 4003 1342 4048 nn.

251 4079 388 4146 millibus
411 4079 544 4154 abesset,
559 4084 595 4142 ut
620 4083 687 4140 erat
717 4076 931 4156 coustitutum,
954 4078 995 4142 ad
1023 4101 1095 4144 eum
1119 4078 1215 4166 legati
1238 4105 1344 4148 revers

252 4187 381 4245 tantur:
422 4179 484 4264 qni,
514 4177 546 4242 in
577 4176 687 4242 itinere
717 4179 880 4262 congressi,
919 4201 1118 4265 magnopere,
1149 4204 1189 4246 ne
1217 4182 1341 4269 longius

250 4280 496 4366 progrederetur,
523 4277 665 4344 orabant.
712 4276 816 4358 Quum
844 4279 878 4343 id
906 4301 969 4343 non
997 4279 1224 4365 impetrassent,
1252 4291 1340 4369 pete-

250 4380 337 4460 bant,
352 4380 400 4451 uti
423 4379 465 4448 ad
492 4402 544 4446 eos
568 4378 694 4465 equites,
721 4377 773 4464 qui
799 4401 910 4465 agmen
935 4381 1183 4462 antecessissent,
1200 4384 1340 4470 praemit-

1530 1683 1537 1860 l
