3088 5080
284 354 409 430 lxxviii
562 368 639 424 rna
661 367 845 424 annulus
870 366 919 422 os
942 367 1110 424 suerrus.

280 533 322 600 lio
336 532 535 599 auctoritatis
550 531 841 608 essent'consecuti,
857 529 1033 598 sentiebat:
1059 529 1172 616 quibus
1188 529 1231 598 ad
1252 533 1389 600 consilia

279 632 432 719 capienda
454 633 531 698 nihil
552 632 647 718 spatii
674 631 814 697 dandum
840 630 1053 696 existimabat.
1110 631 1172 698 His
1200 634 1387 702 constitutis

278 735 372 799 rebus
394 741 427 798 et
448 732 665 799 consiliorum
694 729 806 818 legatis
831 739 865 796 et
894 739 1049 816 quaestore
1071 732 1311 812 communicato,
1340 758 1386 802 ne

278 857 371 920 quem
386 833 471 898 diem
486 856 596 918 pugnae
615 831 879 918 praetermitteret,
896 832 1159 916 opportunissima
1181 855 1230 898 res
1251 834 1384 912 accidit,

278 933 363 1019 quod
378 933 526 1019 postridie
541 931 608 1020 ejus
622 933 684 997 diei
703 955 795 998 mane
809 931 920 998 mem
936 940 969 998 et
983 930 1115 1017 perfidia
1130 939 1162 998 et
1180 934 1385 1001 simulatione

278 1035 326 1100 usi
354 1033 514 1112 Germani,
546 1034 734 1119 frequentes,
759 1031 904 1098 omnibus
930 1032 1121 1118 principibus
1148 1030 1384 1120 majoribusque

277 1142 356 1200 natu
380 1134 540 1211 adhibitis,
558 1135 601 1200 ad
626 1155 698 1198 eum
726 1133 758 1198 in
787 1140 891 1198 castra
915 1141 1089 1208 venerunt3
1113 1133 1214 1212 simul,
1239 1142 1275 1200 ut
1292 1135 1384 1201 dice-

276 1235 442 1312 balaami
458 1233 612 1322 purgandi
628 1256 746 1311 caussa,
760 1233 844 1318 qnod
862 1239 981 1311 contra,
998 1240 1092 1317 atque
1110 1243 1191 1300 esset
1208 1234 1328 1300 dictum
1344 1247 1382 1303 et

276 1335 336 1422 ipsi
353 1335 514 1423 petissent,
532 1335 673 1421 proelinm
697 1334 797 1418 pridie
812 1331 1060 1408 commisissent;
1085 1335 1177 1400 simul
1194 1343 1241 1412 nt,
1259 1337 1381 1421 siquid

276 1446 414 1522 possent,
432 1436 472 1501 de
497 1436 631 1502 induciis
655 1434 792 1500 fallendo
819 1435 1036 1520 impetrarent.
1096 1435 1182 1517 Quos
1197 1435 1255 1500 sibi
1271 1437 1381 1504 (laesar

276 1536 397 1603 oblatos
419 1535 556 1622 gavisus,
572 1535 641 1601 illos
657 1535 785 1601 retineri
801 1531 919 1620 jussit;
943 1533 1008 1620 ipse
1023 1555 1131 1602 omnes
1145 1534 1250 1620 copias
1264 1537 1381 1604 castris

276 1637 671 1721 eduxit‚,equitatumqne,
694 1635 777 1720 quod
804 1635 921 1700 recenti
947 1635 1054 1720 proelio
1079 1635 1279 1721 perterritum
1307 1659 1379 1704 esso

276 1736 490 1813 existimabat,
506 1759 619 1822 agmen
634 1736 779 1820 subsequi
787 1734 895 1821 jussit.

320 1835 424 1901 XIV.
459 1835 540 1901 Acie
573 1835 688 1921 triplici
718 1836 874 1913 instituta,
913 1843 946 1900 et
977 1833 1119 1900 celeriter
1145 1858 1213 1901 vm.
1240 1835 1376 1903 millium

275 1936 386 2002 itinere
404 1935 557 2014 confecto,
579 1936 666 2022 prius
680 1936 721 2002 ad
736 1935 874 2002 hostium
888 1943 994 2002 castra
1010 1935 1162 2021 pervenit,
1178 1957 1282 2020 quam,
1298 1939 1376 2022 qnid

273 2044 429 2123 ageretur,
467 2035 617 2102 Germani
658 2037 772 2102 sentire
803 2043 939 2123 possent.
997 2035 1068 2118 Qui,
1101 2036 1244 2102 omnibus
1279 2039 1376 2106 rebus

274 2136 378 2204 subito
402 2135 569 2222 perterriti,
597 2144 630 2201 et
661 2137 820 2202 celeritate
849 2137 1003 2202 adventus
1032 2135 1141 2214 nostri,
1172 2143 1205 2202 et
1234 2137 1375 2206 discessu

275 2257 412 2315 suorum,
430 2259 530 2322 neque
554 2235 673 2303 consilii
699 2236 845 2314 habendi,
861 2259 959 2321 neque
988 2259 1076 2302 arma
1098 2236 1241 2322 capiendi
1267 2239 1375 2324 spatio

275 2337 360 2416 dato,
394 2337 626 2423 perturbantur,
653 2339 796 2424 copiasne
824 2337 972 2402 adversus
1003 2337 1126 2402 hostem
1160 2337 1300 2417 educere,
1329 2362 1374 2405 an

274 2445 378 2504 castra
394 2437 569 2517 defendere,
585 2461 627 2504 an
640 2439 716 2524 fuga
733 2438 866 2504 salutem
883 2445 999 2522 petere,
1012 2445 1183 2524 praestaret.
1229 2439 1372 2521 Quorum

272 2538 368 2604 timor
383 2562 478 2624 quum
493 2539 622 2606 fremitu
647 2549 679 2604 et
697 2541 849 2604 concursu
872 2535 1110 2623 significaretur,
1132 2538 1246 2605 milites
1260 2541 1370 2618 nostri,

272 2639 396 2724 pristini
421 2639 483 2704 diei
509 2638 640 2725 perfidia
660 2637 794 2714 incitati,
810 2639 842 2703 in
857 2645 961 2704 caetra
982 2638 1171 2723 irruperunt.
1230 2638 1371 2721 Quorum

273 2741 326 2824 qui
344 2739 487 2804 celeriter
501 2762 589 2804 arma
604 2761 713 2824 capere
735 2745 915 2823 potuerunt,
931 2737 1098 2824 paullisper
1112 2739 1227 2805 nostrie
1247 2741 1371 2806 restite·

272 2847 346 2904 runt
369 2847 463 2924 atque
490 2839 572 2904 inter
598 2861 701 2904 carros
730 2839 1012 2925 impedimentaque
1043 2837 1184 2924 proelium
1208 2841 1370 2906 commise-

271 2947 364 3004 runt:
388 2938 557 3023 etreliqua
573 2938 742 3005 multitudo
758 2962 924 3025 puerorum
940 2939 1165 3023 mulierumque
1183 2938 1271 3021 (nam
1294 2963 1368 3006 cum

271 3038 416 3104 omnibus
436 3037 500 3104 suis
523 3039 616 3105 domo
633 3049 831 3106 excesserant
853 3040 1058 3125 Rhenumque
1074 3039 1277 3124 transierant)
1296 3064 1366 3127 pas-

269 3138 329 3204 sim
354 3138 460 3225 sugere
487 3140 597 3227 empit3
635 3140 677 3206 ad
701 3163 779 3226 quos
810 3139 1033 3206 consectandos
1058 3137 1162 3206 Oaesar
1190 3143 1366 3226 equitatum

272 3239 371 3305 misit.

316 3339 398 3408 XV.
431 3339 590 3418 Germani,
614 3348 685 3424 post
714 3348 837 3426 tergum
862 3340 998 3404 clamore
1023 3338 1140 3418 audito,
1172 3363 1268 3424 quum
1293 3363 1365 3408 suos

268 3437 400 3506 interfici
416 3442 570 3516 viderent,
586 3441 680 3506 armis
702 3439 833 3527 abjectis
854 3440 1010 3525 signisque
1031 3439 1218 3507 militaribus
1239 3441 1365 3519 relictis,

269 3563 302 3605 se
326 3564 366 3606 ex
393 3542 504 3608 castris
527 3539 704 3627 ejecerunt:
728 3550 770 3618 et,
794 3562 890 3625 quum
914 3540 956 3605 ad
982 3537 1187 3606 confluentem
1204 3541 1303 3608 Moser
1332 3550 1365 3608 et

266 3639 370 3707 Rheni
399 3643 621 3728 pervenissent,
646 3640 765 3725 reliqua
789 3641 865 3726 fuga
893 3639 1068 3726 desperata,
1093 3663 1207 3727 magno
1233 3663 1363 3706 numero

266 3739 441 3821 interfecto,
473 3743 583 3828 reliqui
614 3764 647 3807 se
678 3741 710 3806 in
743 3739 857 3807 flumen
890 3740 1164 3826 precipitaverunt
1194 3749 1289 3826 atque
1319 3741 1363 3811 ibi

266 3841 388 3920 timore,
403 3843 595 3920 lassitudine,
610 3841 642 3907 vi
666 3839 803 3908 fluminis
825 3842 962 3927 oppressi
980 3841 1148 3926 perierunt.
1192 3841 1300 3908 Nostri
1321 3841 1363 3907 ad

265 3963 365 4007 unum
387 3965 494 4010 omnes
520 3943 699 4020 incolumes,
725 3943 888 4029 perpaucis
914 3942 1093 4020 vulneratis,
1118 3964 1158 4008 ex
1184 3943 1266 4009 tanti
1289 3942 1363 4008 belli

266 4042 387 4122 timore,
418 4066 515 4128 quum
545 4043 684 4108 hostium
714 4065 862 4109 numerus
893 4041 1033 4128 capitum
1053 4065 1199 4108 ccccxxx.
1228 4041 1362 4108 millium

265 4141 383 4224 fuisset,
401 4167 434 4209 se
459 4144 493 4209 in
515 4151 618 4208 castra
639 4150 833 4228 receperunt.
889 4142 997 4208 Oaesar
1021 4142 1081 4222 his,
1096 4166 1173 4228 quos
1197 4143 1227 4208 in
1252 4143 1363 4210 caetris

263 4243 445 4323 retinuerat,
462 4242 640 4310 discedendi
660 4251 850 4328 potestatem
876 4242 975 4308 iecit:
999 4243 1044 4308 illi
1069 4243 1221 4329 supplicia
1245 4243 1361 4310 crucia-

266 4351 378 4430 tusque
400 4343 564 4411 Gallorum
585 4343 687 4424 veriti,
711 4365 842 4429 qnorum
868 4364 959 4428 agros
975 4352 1178 4425 vexaverant,
1203 4365 1361 4414 remanere
