3144 5080
539 425 830 485 rnonnoounuu.
1172 409 1232 482 lxv

142 594 243 660 facere
262 591 459 680 adroganter,
476 611 571 676 quum
597 597 653 654 eut
677 587 717 654 de
739 587 839 654 officio
856 587 1053 676 imperatorie
1071 591 1233 676 desperare

143 702 199 760 aut
220 695 415 780 praescribere
430 691 619 758 viderentur.
664 688 744 754 Hac
758 689 816 755 sibi
832 711 897 756 esse
913 713 1016 764 curea;
1041 690 1233 756 frumentum

144 796 313 880 Sequanos,
338 795 467 870 Leucoe,
496 791 654 877 Lingonas
676 789 931 865 subministrare;
955 788 1084 876 jamque
1110 813 1177 856 ease
1202 791 1233 855 in

142 896 225 982 agris
239 895 396 960 frumenta
409 899 556 967 matura;
581 890 619 956 de
649 890 759 956 itinere
785 891 868 976 ipsos
884 890 970 955 brevi
987 900 1127 977 tempore
1147 888 1234 977 judi-

142 1003 275 1060 caturos.
319 993 410 1075 Quod
427 1015 488 1058 non
510 991 576 1056 fore
598 990 683 1057 dicto
697 990 859 1056 audientes
882 991 1007 1070 milites,
1020 1014 1119 1076 neque
1147 992 1234 1077 signa

143 1094 236 1160 laturi
252 1094 405 1172 dicantur,
422 1092 498 1158 nihil
521 1115 554 1158 se
576 1114 613 1156 ea
627 1115 660 1157 re
676 1090 883 1157 commoveri:
907 1091 985 1156 scire
1000 1092 1093 1170 enim,
1107 1092 1233 1176 quibus·

143 1217 275 1279 cumque
290 1195 446 1260 exercitus
460 1194 545 1258 dicto
557 1192 687 1258 audiens
701 1214 762 1256 non
777 1191 882 1267 fuerit,
898 1199 963 1271 ant,
981 1193 1062 1257 male
1086 1216 1118 1258 re
1133 1203 1232 1278 gesta,

141 1295 300 1361 fortunam
317 1295 469 1368 debriese3
496 1301 562 1372 ant,
588 1293 690 1378 aliquo
712 1291 847 1357 facinore
873 1301 1041 1378 comperto,
1068 1293 1232 1357 avaritiam

143 1418 208 1462 esse
223 1397 406 1474 convictam.
459 1394 554 1459 Suam
569 1392 777 1458 innocentiam
794 1400 944 1478 perpetua
959 1393 1035 1470 vita,
1050 1393 1232 1458 felicitatem

144 1493 362 1562 Helvetiorum
386 1493 468 1562 bello
485 1515 550 1560 esse
573 1501 777 1580 perspectam.
823 1483 936 1576 Itaque
959 1516 1001 1571 se,
1018 1493 1100 1578 quod
1116 1495 1145 1558 in
1168 1493 1232 1557 lon·

141 1595 258 1682 piorem
285 1596 367 1661 diem
394 1595 562 1662 collaturus
593 1601 683 1674 esset,
710 1600 1005 1678 repraesentaturum
1032 1602 1065 1659 et
1090 1593 1233 1680 proxima

142 1706 232 1762 nocte
262 1695 300 1760 de
326 1705 438 1781 quarta
460 1695 567 1781 vigilia
591 1702 692 1760 castra
717 1701 887 1770 moturum,
915 1702 952 1758 ut
981 1693 1232 1780 quamprimum

142 1796 313 1883 intelligere
335 1803 448 1882 posset,
473 1804 577 1862 utrum
598 1794 682 1880 apud
707 1817 759 1860 eos
782 1793 883 1880 pudor
906 1801 1000 1878 atque
1026 1793 1171 1872 officium,
1192 1818 1233 1860 an

141 1897 237 1962 timor
253 1897 380 1962 valeret.
431 1894 522 1976 Quod
548 1896 574 1960 si
600 1903 750 1980 practerea
771 1917 863 1958 nemo
887 1902 1045 1979 sequatur,
1068 1903 1173 1960 tamen
1200 1917 1233 1961 sc

143 2019 215 2060 cnm
239 1994 305 2061 sola
329 1994 449 2060 decima
463 1995 582 2080 legione
597 1996 723 2073 iturum,
742 1993 781 2059 de
803 2017 865 2079 qua
877 2015 939 2060 non
956 1994 1136 2070 dubitasses
1161 1995 1232 2062 sibi·

142 2119 203 2180 qne
224 2118 294 2160 eam
309 2095 486 2180 praetoriam
504 2095 660 2159 cohortem
676 2093 845 2161 lirturam.”
896 2093 982 2159 Huic
999 2095 1112 2181 legioni
1129 2097 1233 2163 Caesar

142 2203 175 2262 et
215 2195 384 2262 indulserat
426 2193 592 2281 praecipue,
631 2201 664 2258 et
705 2203 832 2280 propter
870 2194 1018 2260 virtutem
1057 2195 1233 2262 confidebat

140 2295 289 2362 1111111111.

188 2395 286 2463 XLI.
310 2395 384 2461 Hac
412 2395 551 2460 oratione
575 2393 694 2472 habita,
724 2392 837 2458 mirum
861 2394 893 2458 in
920 2395 1046 2460 modum
1078 2419 1232 2462 conversae

142 2503 215 2562 sunt
239 2496 377 2562 omnium
399 2504 529 2574 mentes,
554 2516 735 2579 summaque
758 2493 903 2560 alacritas
928 2503 959 2560 et
982 2495 1136 2581 cupiditas
1159 2496 1232 2562 belli

140 2596 268 2682 gerendi
292 2598 400 2662 innata
430 2604 487 2674 est,
512 2596 713 2683 princepsque
744 2592 866 2660 decima
894 2594 974 2680 legio
1005 2619 1061 2680 per
1092 2597 1233 2662 tribunos

140 2697 276 2762 militum
291 2697 320 2762 ei
333 2696 451 2783 gratias
471 2697 545 2782 egit,
561 2695 643 2780 qnod
666 2694 706 2759 de
720 2717 753 2760 se
769 2694 1084 2781 optimumjudicium
1100 2696 1232 2773 fecisset,

142 2820 235 2882 seque
260 2819 326 2864 esse
352 2797 393 2862 ad
418 2796 533 2862 bellum
557 2795 727 2882 gerendum
764 2795 991 2880 paratissimam
1026 2795 1232 2862 confirmavit.

141 2897 264 2964 Deinde
288 2896 411 2983 reliquae
438 2896 574 2982 legiones
598 2917 653 2982 per
677 2896 820 2961 tribunos
844 2895 979 2961 militum
1006 2904 1037 2961 et
1062 2898 1231 2982 primorum

140 2997 284 3063 ordinum
317 2996 511 3062 centuriones
543 3003 682 3083 egerunt,
708 2996 756 3060 uti
785 2995 899 3062 Gasari
926 2998 1160 3064 satisfacerent:
1199 3021 1232 3064 se

141 3119 240 3183 neque
268 3119 416 3184 umquam
444 3095 612 3174 dubitasse,
627 3119 726 3181 neque
750 3095 900 3174 timuisse,
923 3119 1022 3181 neque
1046 3097 1085 3163 de
1110 3121 1232 3164 summa

141 3197 213 3263 belli
252 3221 342 3266 suum
370 3196 535 3284 judicium,
571 3197 625 3263 sed
658 3197 852 3282 imperatoria
878 3219 954 3274 esse,
996 3198 1232 3264 existimavirse.

142 3297 262 3364 Eorum
288 3298 498 3366 satisfactione
519 3305 648 3382 accepta
662 3305 694 3362 et
716 3298 826 3362 itinere
843 3297 998 3380 exquisito
1017 3321 1071 3384 per
1096 3299 1232 3366 Divitia-

140 3421 221 3478 cum,
245 3400 326 3484 quod
350 3421 391 3462 111
414 3397 482 3464 11111
507 3397 536 3462 11
561 3397 731 3462 maximam
757 3395 850 3462 fidem
879 3397 1024 3476 habebat,
1040 3407 1076 3464 ut
1099 3399 1230 3464 millium

139 3499 273 3585 amplius
287 3497 510 3585 qninquaginta
534 3496 664 3562 circuitu
686 3495 761 3562 locis
782 3497 899 3582 apertis
914 3500 1084 3564 exercitum
1103 3498 1230 3564 duceret

140 3598 180 3665 dc
201 3607 313 3685 quarta
341 3598 457 3685 vigilia,
483 3607 519 3662 ut
550 3597 682 3675 dixerat,
710 3597 867 3683 profectus
898 3605 957 3663 est.
1003 3599 1144 3685 Septimo
1168 3599 1228 3676 die,

141 3721 235 3783 quum
251 3701 311 3765 iter
331 3721 393 3765 non
420 3697 653 3775 intermitteret,
677 3698 718 3762 ab
741 3697 988 3782 exploratoribus
1003 3699 1115 3764 certior
1128 3699 1230 3764 factus

139 3806 197 3878 est,
223 3799 377 3866 Ariovisti
400 3799 506 3884 copias
530 3821 550 3862 1
571 3796 684 3864 nostris
711 3797 847 3864 millibus
869 3821 1014 3884 passuum
1040 3807 1173 3885 quatuor
1196 3808 1228 3866 et

138 3899 249 3986 viginti
263 3901 379 3966 abesse.

183 3999 298 4064 XLII.
322 3999 455 4086 Cognito
486 3997 618 4065 (laseris
651 3997 800 4073 adventu,
824 3997 1003 4063 Ariovistus
1038 3998 1158 4084 legatos
1186 3999 1228 4066 ad

138 4122 209 4164 eum
238 4100 354 4166 mittit:
379 4100 462 4185 quod
488 4105 582 4165 antea
601 4098 640 4164 de
666 4098 816 4182 colloquio
839 4097 1036 4183 postulasset,
1061 4098 1093 4164 id
1118 4123 1173 4187 per
1194 4123 1227 4166 se

136 4197 203 4265 fieri
221 4199 322 4278 licere,
340 4200 485 4285 quoniam
511 4199 635 4285 propius
662 4199 861 4264 accessisset:
886 4220 978 4282 seque
1001 4199 1033 4264 id
1059 4199 1124 4265 sine
1148 4201 1228 4286 peri·

135 4301 207 4366 culo
239 4299 339 4365 facere
378 4323 466 4386 posse
505 4298 692 4365 existimare.
752 4298 823 4364 Non
864 4299 981 4384 respuit
1018 4299 1227 4367 conditionem

138 4398 262 4468 Oaesar:
296 4399 424 4486 jamque
462 4422 532 4466 eum
570 4400 613 4464 ad
648 4400 813 4466 sanitatem
851 4399 964 4466 reverti
1001 4399 1226 4478 arbitrabatur,

1053 4501 1087 4584 s
