3088 5080
568 451 862 510 PROLEGOMENA.
1175 459 1269 508 cxxv

171 609 238 672 τῶν
265 605 458 692 λῃστηρίων
482 607 640 681 πλοῦτον,
671 604 929 693 ῦπερὸἀλλοντα
954 609 1013 672 τοῦ
1033 605 1113 694 παρ’
1129 606 1268 688 ἑαυτοῖς,

171 707 248 781 τοὺς
261 707 495 790 Ἑλουηττίαυς
511 707 705 797 ἐπαρθῆναι,
719 709 874 792 μάλιστα
896 705 925 772 δ’
941 708 1048 775 αὐτῶν
1068 711 1269 797 Τιιγυρήνους

172 838 209 877 τε
224 812 281 877 καὶ
294 811 491 894 Τωυχενοῦς,
508 809 596 877 ὥστε
611 810 668 876 καὶ
691 812 947 899 συνεξορμῆσαι.
992 811 1119 885 Πάντες
1140 813 1202 896 μέν
1216 839 1269 880 τοι

173 916 406 997 κατελύθησαν
433 916 497 982 ὑπὸ
523 919 588 982 τῶν
603 914 782 999 Ῥωμαίων,
798 915 897 981 αὐτοί
916 941 953 981 τε
972 914 1007 980 οἱ
1021 915 1148 1000 Κίμὸοι,
1165 916 1222 982 καὶ
1237 915 1271 983 οἱ

173 1019 394 1109 συνηράμενοι
417 1018 556 1094 τούτοις,
578 1017 612 1084 οἱ
632 1020 693 1101 μὲν
716 1017 982 1106 ῦπερύάλλοντες
996 1018 1056 1092 τὰς
1067 1017 1198 1091 Ἄλπεις
1222 1019 1270 1091 εἰς

172 1121 233 1204 τῆν
242 1121 399 1197 Ἰταλίαν,
414 1121 448 1187 αι’
462 1119 489 1187 δ’
507 1122 570 1206 ἔξω
586 1125 652 1188 τῶν
661 1121 817 1188 Ἄλπεων.

212 1224 311 1297 Ἔθος
335 1224 370 1291 δέ
394 1251 426 1292 τι
454 1228 519 1291 τῶν
543 1223 697 1311 Κίμέρων
720 1223 910 1308 διηγοῦνται
938 1228 1097 1300 τοιοῦτον,
1121 1225 1173 1292 ὅτι
1196 1229 1270 1297 ταῖς

172 1328 321 1412 ’γυναιξὶν
346 1329 455 1396 αῦτιῦν
478 1327 795 1417 συστρατευούσαις,
820 1329 1096 1417 παρηκολούθουν
1124 1330 1271 1416 προμάν-

172 1458 240 1504 τεις
256 1431 374 1520 ἱέρειαι
384 1430 611 1521 πολιότριχες,
622 1432 847 1521 λευχείμονες,
858 1433 1069 1520 καρπασίνας
1084 1431 1271 1518 ἐφαπτίδας

173 1535 495 1625 ἐπιπεπορπημέναι,
527 1537 642 1618 ζῶσμα
678 1538 831 1623 χαλκοῦν
863 1534 1015 1623 ἔχουσαι,
1044 1536 1260 1619 ηυμνύποδες·

172 1643 243 1711 τοῖς
268 1638 325 1705 οῦν
347 1638 580 1728 αἰχμαλώτοις
596 1637 650 1704 διὰ
665 1641 725 1704 τοῦ
746 1636 977 1726 στρατοπέδου
992 1638 1159 1721 συνήντων
1174 1641 1270 1727 ξιφή-

171 1768 261 1829 ρεις·
285 1741 552 1830 καταστέψασοι
576 1739 603 1808 δ’
625 1741 744 1813 αύτούς
766 1741 847 1826 ἦχον
872 1741 928 1808 ἐπὶ
952 1748 1101 1831 κρατῆρα
1119 1744 1270 1832 χαλκοῦν

173 1845 255 1912 ὅσον
291 1845 468 1933 ἀμφορέων
494 1847 611 1912 είκοσι·
640 1843 732 1935 είχον
761 1844 797 1911 δὲ
825 1843 1024 1933 ἀναύάθραν,
1049 1846 1092 1928 ῆν
1116 1845 1270 1913 ἀνσάἂσο

173 1947 362 2036 ὑπερπετής
373 1952 433 2014 τοῦ
443 1945 581 2030 λέάητος
597 1947 814 2032 έλαιμοτόμει
830 1947 972 2014 ἕκαστον
985 1949 1268 2037 μετεωρισθέντα·

174 2052 211 2115 ἐκ
227 2048 263 2115 δὲ
279 2049 337 2116 τοῦ
346 2050 574 2139 προχεομένου
586 2048 725 2133 αἵματος
739 2049 784 2122 εἰς
793 2049 850 2116 τὸν
859 2054 1017 2137 κρατῆρα,
1028 2051 1186 2134 μαντείαν
1195 2053 1270 2120 τινὰ

174 2153 366 2220 ἐποιοῦντο·
389 2153 497 2219 ἄλλοι
519 2150 555 2217 δὲ
578 2150 816 2241 διασχίσασαι,
832 2151 1089 2242 ε’σπλάηχνευον
1103 2154 1268 2242 ἀναφθεγ-

172 2255 311 2339 ηόμεναι
327 2255 419 2336 νίκην
433 2258 503 2326 τοῖς
521 2253 664 2325 οἰκείοις.
708 2251 764 2320 Ἐν
778 2253 815 2320 δὲ
825 2259 895 2327 τοῖς
910 2255 1039 2338 ἀγῶσιν
1053 2256 1195 2324 ἔτυπτον
1209 2259 1269 2330 τὰς

172 2359 305 2446 βύρσας
320 2363 380 2431 τὰς
395 2355 655 2446 περιτεταμένας
664 2361 734 2428 τοῖς
743 2357 873 2445 γέῤῥοις
882 2361 947 2424 τῶν
958 2358 1172 2445 ἁρμαμαξῶν,
1189 2359 1269 2427 ὥστ’

173 2461 420 2529 ἀποτελεῖσθαι
435 2461 552 2548 ψόφον
567 2459 726 2543 ἐξαίσιον.

213 2569 287 2632 Τῶν
313 2564 348 2632 δὲ
373 2567 556 2655 Γερμανῶν,
583 2563 626 2636 ὡς
648 2560 751 2644 εἶπον,
775 2561 809 2630 οἱ
830 2564 893 2647 μὲν
918 2564 1141 2650 προσάρκτιοι
1165 2568 1270 2654 παρή.

171 2695 270 2736 κουσι
293 2675 341 2756 τῷ
369 2666 520 2758 Ὠκεανῷ.
567 2667 781 2756 Γνωρίζονται
804 2664 832 2732 δ’
857 2667 925 2733 ἀπὸ
951 2671 1018 2734 τῶν
1041 2667 1189 2736 έκθολῶν
1212 2674 1271 2737 τοῦ

170 2772 284 2855 Ῥήνου
297 2769 456 2844 λαθόντες
480 2773 540 2853 τὴν
563 2769 681 2859 ἀρχὴν,
696 2771 800 2861 μέχρι
825 2774 884 2838 τοῦ
905 2769 1043 2843 Ἄλῦιος.
1086 2771 1220 2840 Τούτων
1242 2773 1270 2839 δ’

173 2875 240 2942 εἶσὶ
269 2877 530 2965 γνωριμώτατοι,
558 2873 768 2962 Σούγαμὸροί
794 2899 832 2940 τε
862 2873 919 2940 καὶ
951 2871 1101 2963 Κίμθροι.
1154 2877 1204 2941 Τὰ
1234 2876 1270 2942 δὲ

170 2979 276 3062 πέραν
290 2982 350 3045 τοῦ
368 2976 505 3053 Ἄλθιος,
520 2977 563 3044 τὰ
586 2976 670 3064 πρὸς
685 2981 731 3065 τῷ
751 2975 907 3066 Ὠκεανῷ,
923 3002 1140 3044 πανταπασιν
1162 2977 1267 3062 ἀηνοι-

173 3108 239 3147 στα
254 3080 331 3165 ἡμῖν
346 3081 447 3146 ἐστιν.
492 3080 579 3146 Οὔτε
593 3077 658 3168 ιγάρ
674 3083 739 3146 τῶν
760 3079 931 3168 προτέρων
945 3078 1079 3152 οὐδένας
1094 3081 1192 3164 ἴσμεν
1213 3083 1270 3150 τὸν

172 3185 375 3272 παράπλουν
403 3187 522 3250 τοῦτον
550 3183 792 3267 πεποιημένους
830 3182 914 3272 πρὸς
942 3184 986 3250 τὰ
1020 3183 1139 3250 έωθινά
1174 3185 1268 3274 μέρη,

172 3291 214 3355 τά
242 3288 344 3378 μέχρι
373 3291 433 3354 τοῦ
462 3283 629 3370 στόματος
658 3291 717 3369 τῆς
747 3287 902 3360 Κασπίας
929 3286 1112 3370 θαλάττης,
1142 3289 1211 3356 οὔθ’
1238 3292 1272 3357 οἱ

169 3391 329 3476 Ῥωμαῖοι
343 3390 515 3479 προῆλθόν
529 3415 582 3456 πω
599 3389 644 3461 εἰς
660 3390 701 3455 τά
717 3390 904 3479 περαιτέρω
927 3395 986 3457 τοῦ
1003 3389 1150 3462 Ἄλὸιος·
1183 3393 1227 3466 ὡς
1242 3392 1269 3458 δ’

170 3498 279 3568 οὕτως
308 3494 384 3562 οὐδὲ
406 3494 501 3574 πεζοὶ
530 3491 787 3578 παρωδεύκασιν
826 3494 963 3566 οὐδένες.
1007 3490 1094 3558 Ἀλλ’
1125 3495 1179 3561 ὅτι
1207 3496 1270 3578 μὲν

170 3599 258 3666 κατὰ
278 3603 383 3683 μῆκος
410 3596 519 3663 ιὀῦσιν
544 3595 600 3662 ἐπὶ
623 3595 683 3676 τῆν
705 3594 758 3670 έω,
774 3595 817 3662 τὰ
837 3595 923 3662 κατὰ
938 3597 995 3664 τὸν
1009 3597 1196 3682 Βορυσθένη
1212 3599 1269 3666 καὶ

170 3703 214 3770 τὰ
228 3701 313 3791 πρὸς
327 3700 457 3788 βοῤῥᾶν
478 3697 564 3787 μέρη
590 3701 650 3764 τοῦ
674 3696 802 3765 Πόντου
825 3699 935 3788 χωρία
948 3700 1090 3788 ἀπαντᾷ,
1106 3697 1207 3782 δῆλον
1231 3700 1268 3768 έκ

171 3809 236 3873 τῶν
260 3803 433 3886 κλιμάτων
459 3801 516 3868 καὶ
538 3803 605 3867 τῶν
626 3801 860 3887 παραλλήλων
894 3802 1138 3887 διαστημάτων.
1181 3805 1226 3873 Τί
1239 3805 1267 3872 δ’

168 3908 246 3977 ε’στὶ
271 3907 377 3996 πέραν
391 3911 449 3989 τῆς
463 3904 655 3992 Γερμανίας,
672 3904 729 3970 καὶ
751 3903 787 3971 τί
806 3909 871 3972 τῶν
886 3905 1003 3973 ἀλλων
1016 3910 1082 3974 τῶν
1102 3907 1187 3992 ἑξῆς,
1203 3910 1270 3976 εἴτε

172 4011 365 4099 Βαστάρνας
397 4007 465 4099 χρὴ
494 4007 615 4090 λέγειν,
646 4007 690 4080 ὡς
726 4006 760 4073 οἱ
787 4007 926 4082 πλείους
962 4010 1171 4088 ὑπονοοῦσιν,
1210 4012 1271 4080 εἴτ’

171 4113 298 4184 ἀλλους
321 4111 457 4196 μεταξὺ,
481 4111 502 4194 ἧ
526 4110 684 4194 Ἰάζυγας,
698 4111 720 4195 ῆ
734 4110 969 4195 Ῥωξαλάνους,
991 4114 1013 4197 ή
1034 4140 1127 4189 τινας
1141 4116 1270 4190 ἄλλους

172 4219 238 4282 τῶν
251 4215 457 4299 Ἁμαξοίκων,
473 4216 511 4281 οῦ
525 4213 640 4303 ῥᾴδιον
655 4213 770 4282 εἰπεῖν·
786 4213 854 4280 οὐδ’
876 4214 906 4281 εἰ
918 4214 1022 4304 μέχρι
1037 4217 1097 4284 τοῦ
1110 4217 1272 4288 Ὠκεανοῦ

171 4321 362 4406 παρήκουσι
370 4319 532 4406 παράπαν
542 4319 580 4384 τὸ
591 4323 706 4401 μῆκος,
717 4317 748 4383 εί
758 4317 835 4385 ἐστί
844 4344 877 4384 τι
886 4318 1037 4400 ἀοίκητον
1048 4321 1113 4388 ῦπδ
1122 4323 1269 4412 ψύχους,

170 4423 191 4505 ἢ
206 4421 316 4501 ἄλλης
332 4419 450 4495 αἰτίας,
466 4420 487 4503 ῆ
512 4420 542 4486 ει’
558 4419 621 4486 ’καὶ
644 4419 737 4503 ιγένος
762 4420 947 4508 ἀνθρώπων
962 4421 1050 4489 ἀλλο
1078 4424 1270 4515 διαδέχεται
