3088 5080
268 408 365 476 cxxii
542 419 619 474 THE
645 418 825 474 οοκιικιιι
853 419 901 476 ον
924 419 1092 476 τιοιτυε.

273 575 357 651 νικά,
382 575 573 663 Χηροῦσκοί
590 600 627 640 τε
649 574 705 640 καὶ
719 575 855 650 Χάττοι,
866 574 932 658 ,καὶ
948 573 1193 662 Γαμαὲριούῐοι,
1208 573 1266 638 καὶ
1280 578 1368 637 Xar-

271 679 439 768 τουάριοι·
455 678 538 764 πρὸς
554 677 590 742 δὲ
609 686 656 766 τῷ
668 675 816 767 Ὠκεανῷ
830 677 1041 766 Σοῦγαμὲροί
1058 704 1104 754 τε,
1127 676 1184 743 καὶ
1203 675 1369 749 Χαῦθοι,

270 782 326 848 καὶ
341 783 547 870 Βροῦκτεροι,
563 780 620 846 καὶ
635 781 785 868 Κίμθροι,
811 780 937 846 Καῦκοί
950 807 988 847 τε
1003 781 1059 847 καὶ
1076 784 1285 852 Καοῦλκοι,
1311 778 1372 842 καὶ

268 883 516 974 Καμψιανοὶ,
534 883 589 949 καὶ
604 883 707 950 ι’ίλλοι
722 883 869 956 πλείους.
906 881 984 950 Ἐπὶ
999 888 1105 950 ταῦτα
1120 883 1156 948 δὲ
1170 887 1218 970 τῷ
1229 881 1368 969 Ἀμασίρ

271 989 439 1078 φέρονται,
473 987 649 1074 Βίσουργίς
678 1013 725 1062 τε,
763 985 820 1052 καὶ
857 985 1006 1059 Λουπίας
1043 987 1204 1068 ποταμὸς,
1245 984 1370 1072 διέχων

266 1092 380 1174 Ῥήνου
394 1091 472 1180 περὶ
495 1089 689 1174 ἑξακοσίους
712 1089 878 1165 σταδίους,
893 1089 977 1178 ῥέων
992 1088 1048 1156 διά
1069 1089 1279 1178 Βρουκτέρων
1300 1090 1370 1152 τῶν

269 1190 464 1262 ἐλαττόνων.
513 1192 612 1259 Ἔστι
634 1191 669 1258 δὲ
695 1192 751 1258 καὶ
775 1192 887 1265 Σάλας
910 1191 1071 1275 ποταμὸς,
1096 1191 1135 1258 οῦ
1158 1191 1285 1275 μεταξὺ
1308 1190 1369 1254 καὶ

267 1304 326 1365 τοῦ
339 1298 452 1380 Ῥήνου
473 1301 642 1382 πολεμῶν,
670 1299 726 1364 καὶ
749 1299 921 1387 κατορθῶν
942 1304 1092 1386 Δροῦσος
1117 1295 1366 1378 ἐτελεύτησενῦ

267 1401 474 1487 Γερμανικός.
504 1401 732 1491 Ἐχειρώσατο
748 1400 774 1468 δ’
792 1403 830 1468 οὐ
844 1404 944 1487 μόνον
959 1407 1024 1469 τῶν
1039 1403 1140 1469 ἐθνῶν
1150 1403 1193 1468 τὰ
1204 1405 1367 1474 πλεῖστα,

265 1505 358 1570 ἀλλὰ
373 1504 429 1570 καὶ
440 1505 500 1577 τὰς
516 1507 549 1571 ἐν
564 1513 610 1595 τῷ
623 1507 795 1595 παράπλῳ
810 1506 939 1590 νήσους,
957 1505 1001 1573 ὧν
1018 1505 1091 1573 ἐστὶ
1106 1507 1162 1572 καὶ
1179 1507 1198 1588 ἡ
1214 1513 1367 1595 Βουρχα-

266 1609 324 1687 νίς,
340 1609 380 1691 ἣν
394 1606 432 1675 ἐκ
447 1611 644 1697 πολιορκίας
661 1608 743 1676 εἷλε.

308 1711 459 1799 Γνώριμα
485 1710 521 1776 δὲ
547 1717 653 1778 ταῦτα
680 1711 827 1793 κατέστη
852 1714 894 1778 τὰ
921 1711 1007 1793 ἔθνη,
1037 1715 1251 1794 πολεμοῦντα
1278 1711 1366 1798 πρὸς

264 1815 456 1898 Ῥωμαίους,
489 1811 547 1880 εἶτ’
573 1812 750 1896 ἐνδιδόντα,
781 1815 837 1881 καὶ
865 1817 972 1882 πάλιν
1001 1814 1224 1902 ἀφιστάμενα,
1253 1813 1275 1898 ἢ
1305 1815 1365 1880 καὶ

264 1917 512 1984 καταλείποντα
524 1915 584 1988 τὰς
596 1917 766 1990 κατοικίας
779 1943 786 1961 ·
804 1917 866 2007 κάν
875 1919 983 1985 πλείω
999 1919 1035 1984 δὲ
1045 1919 1195 2006 γνώριμα
1207 1919 1363 2005 ὑπῆρξεν,

266 2021 296 2087 εί
305 2020 468 2108 ἐπέτρεπε
483 2025 551 2092 τοῖς
562 2025 762 2107 στρατηγοῖς
774 2021 791 2086 α’
804 2021 980 2097 Σεθαστός,
989 2019 1166 2088 διαὸαινειν
1180 2021 1362 2100 τδνἌλῦιν,

264 2123 420 2208 μετιοῦσι
434 2124 510 2196 τοὺς
526 2124 636 2189 ἐκεῖσε
652 2123 944 2209 ἐπανισταμένους.
989 2125 1070 2192 Νυνὶ
1086 2123 1112 2191 δ’
1137 2126 1365 2214 εὐπορώτερον

265 2227 419 2306 ὑπέλαβε
443 2230 642 2314 στρατηγεῖν
657 2225 714 2293 τὸν
737 2227 771 2292 ἐν
792 2227 895 2317 χερσί
909 2228 1067 2311 πόλεμον,
1085 2227 1115 2294 εί
1139 2232 1204 2294 τῶν
1222 2227 1285 2311 ἔξω
1301 2232 1363 2294 τοῦ

260 2329 393 2409 Ἄλβιος
403 2327 477 2395 καθ’
489 2330 635 2418 ἡσυχίαν
646 2329 748 2396 ὄντων
763 2330 938 2418 ἀπέχοιτο,
952 2331 1064 2414 καὶμὴ
1080 2330 1261 2418 παροξύνοι
1275 2331 1364 2416 πρὸς

265 2435 324 2516 τήν
339 2433 510 2500 κοινωνίαν
525 2438 583 2515 τῆς
599 2432 733 2522 ἔχθρας·
775 2433 942 2522 Ἤρξαντο
966 2433 1002 2500 δὲ
1025 2438 1085 2500 τοῦ
1105 2433 1257 2517 πολέμου
1279 2434 1360 2500 Σοῦ-

263 2539 414 2626 γαμβροι
444 2536 594 2618 πλησίον
620 2535 786 2608 οἰκοῦντες
812 2540 872 2602 τοῦ
899 2535 1023 2619 Ῥήνου,
1053 2536 1198 2603 Μέλωνα
1227 2537 1363 2625 ἔχοντες

261 2641 425 2725 ἡγεμόνα·
449 2639 603 2729 κάκεῖθεν
616 2638 678 2721 ήδη
695 2639 821 2726 διεῖχον
844 2638 962 2706 ἄλλοτ’
978 2640 1091 2716 ἄλλοι,
1107 2640 1363 2712 δυναστεύοντες

263 2745 319 2810 καὶ
341 2743 593 2826 καταλυόμενοι,
622 2743 729 2807 πάλιν
754 2740 782 2807 δ’
807 2743 1041 2828 ἀφιστάμενοι,
1065 2742 1278 2832 προδιδόντες
1300 2744 1361 2810 καὶ

262 2848 305 2912 τὰ
326 2848 435 2933 ὅμηρα
454 2845 509 2910 καὶ
536 2843 595 2914 τὰς
610 2843 752 2916 πίστεις.
797 2844 885 2933 Πρὸς
908 2847 963 2918 οῦς
985 2847 1080 2931 ἡμὲν
1102 2847 1255 2928 ἀπιστία,
1270 2847 1361 2930 μέγα

262 2950 404 3034 ὄφελος·
443 2946 476 3011 οἱ
514 2944 549 3011 δὲ
585 2946 828 3023 πιστευθέντες,
870 2947 912 3013 τά
945 2950 1090 3032 μέγιστα
1127 2947 1359 3035 κατέθλαήνιιν,

262 3049 414 3136 καθάπερ
431 3047 464 3113 οἱ
477 3051 675 3135 Χηροῦσκοι,
699 3049 755 3115 καὶ
776 3049 809 3115 οἱ
828 3049 953 3117 τούτων
974 3053 1124 3134 ὑπήκοοι·
1146 3051 1225 3139 παρ’
1241 3051 1290 3125 οἷς
1315 3053 1362 3118 τὰ

263 3154 339 3242 τρία
355 3153 510 3236 τάγματα
524 3151 692 3235 Ῥωμαίων
706 3155 791 3235 μετὰ
811 3153 870 3219 τοῦ
885 3161 1075 3242 στρατηγοῦ
1096 3157 1227 3242 Οὐάρου
1247 3163 1358 3221 Κουΐν-

261 3255 372 3322 τιλίου
395 3253 726 3343 παρασπονδηθέντα,
742 3257 898 3322 ἀπώλετο
923 3258 960 3340 ἐξ
987 3257 1126 3346 ἐνέδρας.
1166 3259 1306 3325 Ἕτισαν
1322 3258 1360 3324 δὲ

262 3355 355 3427 δίκας
392 3356 545 3432 ἅπαντες,
587 3357 644 3424 καὶ
693 3359 868 3447 παρέσχον
908 3365 955 3449 τῷ
991 3363 1138 3451 νεωτέρῳ
1168 3365 1359 3451 Γερμανικῷ

261 3457 500 3545 λαμπρότατον
513 3458 684 3543 θρίαμθον,
702 3461 779 3548 ἐνῷ
802 3461 1020 3551 ε’θριαμθεὺθη
1045 3468 1111 3531 τῶν
1133 3466 1357 3553 ἐπιφανεστά-

262 3587 328 3627 των
342 3559 469 3649 ἀνδρῶν
485 3563 626 3646 σώματα
642 3563 885 3648 καὶγυναικῶν,
902 3567 1118 3651 Σεμιγοῦντός
1133 3595 1169 3634 τε
1192 3568 1357 3652 Σεγέστου

262 3663 339 3744 υἱὸς,
360 3663 562 3753 Χηροῦσκων
590 3666 729 3750 ἡγεμὼν,
761 3668 816 3734 καὶ
840 3669 970 3755 ἀδελφή
996 3673 1107 3747 αὐτοῦ,
1126 3673 1214 3755 γυνὴ
1240 3669 1267 3737 δ’
1294 3671 1357 3759 Ἀρ-

259 3767 382 3850 μενίου,
413 3772 472 3833 τοῦ
500 3771 825 3858 πολεμαρχήσαντος
856 3773 890 3837 ἐν
918 3777 987 3844 τοῖς
1016 3775 1222 3862 Χηροῦσκοις
1252 3775 1286 3842 ἐν
1314 3779 1355 3860 τῇ

261 3869 343 3957 πρὸς
358 3870 488 3958 Οῦαρον
503 3872 712 3939 Κουῑντίλιον
727 3873 1014 3962 παρασπονδήσει,
1031 3877 1088 3942 καὶ
1110 3883 1165 3945 νῦν
1188 3875 1237 3945 ἔτι
1261 3879 1355 3946 συνέ-

259 3999 378 4061 χοντος
407 3974 464 4040 τὸν
492 3974 650 4059 πόλεμον,
678 3977 782 4058 ὄνομα
812 3978 1017 4056 Θουσνέλδα,
1048 3981 1104 4048 καὶ
1130 3982 1198 4055 υίὸς
1224 3983 1354 4071 τριετὴς

260 4079 486 4161 Θουμελικὸς·
509 4077 614 4144 ἔτιδὲ
636 4079 819 4153 Σεσίθακος
834 4085 1038 4171 Σαιγιμήρου
1059 4085 1125 4158 υἱὸς
1146 4091 1212 4153 τῶν
1231 4087 1352 4174 Χεροῦ-

260 4208 351 4246 σκων
368 4181 535 4264 ἡγεμόνος,
553 4183 609 4248 καὶ
624 4185 643 4265 ἡ
658 4185 739 4268 γυνὴ
750 4187 869 4252 τούτου
887 4185 1009 4270 Ῥαμὶς,
1021 4188 1236 4278 Οῦκρομύρου
1249 4190 1352 4274 θυγά-

261 4311 332 4373 τηρ,
350 4283 509 4367 ήγεμόνος
531 4290 695 4362 Βαττῶν,
712 4289 769 4353 καὶ
781 4288 942 4377 Δευδόριξ
956 4291 1147 4380 Βαιτόριτος
1162 4297 1221 4359 τοῦ
1237 4294 1353 4360 Μέλω-

263 4414 316 4460 νος
327 4387 477 4476 ἀδελφοῦ
492 4388 559 4460 υίὸς
577 4388 794 4478 Σοῦγαμόρος.
840 4393 1023 4476 Σαιγέστης
1038 4394 1074 4460 δὲ
1089 4396 1105 4459 ὁ
1122 4396 1279 4483 πενθερὸς
1293 4405 1354 4466 τοῦ
