3088 5080
556 439 850 496 PROLEGOMENA.
1132 427 1251 496 cxxvii

152 610 280 676 Taunus
301 617 334 673 et
361 604 514 676 Rhetico;
539 601 598 668 nisi
626 623 757 684 quorum
780 599 906 664 nomina
922 603 974 667 vix
997 609 1044 666 est
1070 603 1172 686 eloqui
1195 625 1248 666 ore

152 711 308 774 Romano.
360 704 511 770 Amnium
537 703 569 766 in
595 703 673 767 alias
701 708 810 786 gentes
825 701 1019 779 exeuntium,
1037 702 1202 768 Danubius
1218 711 1250 767 et

154 809 346 880 Rhodanus;
379 808 409 871 in
445 805 600 878 Rhenum,
637 801 750 866 Moeuis
784 809 816 864 et
852 799 975 886 Lupia;
1011 804 1043 866 in
1077 801 1249 876 Oceanum,

51 903 53 908 ’
155 910 305 986 Amisius,
326 905 469 990 Visurgis
486 911 518 968 et
535 901 811 968 Albisolarissimi.
866 900 968 987 Super
982 903 1092 967 Albim
1106 903 1253 968 Codanus

154 1012 263 1095 ingens
278 1010 362 1074 sinus
388 1005 508 1090 magnis
532 1004 695 1090 parvisque
723 1001 831 1066 insulis
857 1003 989 1068 refertus
1017 1013 1075 1068 est.
1130 1003 1200 1067 Hac
1219 1026 1252 1066 re

156 1133 251 1188 mare,
266 1109 346 1193 quod
362 1107 479 1192 gremio
495 1104 621 1168 litorum
646 1101 807 1186 accipitur,
824 1124 977 1186 nusquam
993 1103 1055 1168 late
1079 1113 1177 1188 patet,
1194 1127 1251 1168 neo

154 1233 285 1294 nsquam
308 1209 386 1272 mari
414 1205 525 1280 simile,
550 1227 668 1281 verum,
684 1202 772 1286 aquis
800 1203 915 1285 passim
939 1201 1191 1268 interfluentibus
1213 1227 1250 1268 ac

155 1332 237 1396 saepe
252 1307 461 1394 transgressis,
476 1327 590 1390 vagum
607 1313 701 1388 atque
720 1301 877 1377 diffusum,
897 1303 975 1368 facie
997 1305 1146 1381 amnium,
1166 1325 1253 1388 spar-

154 1412 257 1496 gitur:
295 1431 356 1493 qua
384 1408 478 1471 litora
505 1405 644 1489 attingit,
673 1404 749 1487 ripis
777 1411 960 1467 contentum
986 1403 1156 1470 insularum
1190 1427 1251 1468 non

155 1510 246 1596 longe
263 1508 461 1582 distantibus,
480 1518 512 1570 et
536 1505 649 1589 ubique
672 1526 759 1591 paeue
774 1505 972 1582 tantundem,
993 1506 1018 1569 it
1035 1513 1203 1590 angustum
1220 1513 1253 1568 et

156 1633 213 1695 par
234 1609 334 1682 fret03
361 1629 553 1690 curvansque
579 1629 611 1670 se
636 1603 777 1680 subinde,
797 1603 889 1687 longo
915 1605 1079 1691 supercilio
1103 1602 1253 1668 inflexum

156 1719 215 1776 cst.
268 1709 307 1773 In
323 1732 359 1774 eo
375 1717 448 1774 sunt
466 1706 584 1772 Cimbri
600 1714 633 1772 et
657 1703 813 1770 Teutoni:
843 1705 935 1782 ultra,
954 1705 1057 1771 ultimi
1076 1705 1253 1770 Germania

158 1809 357 1875 Hermiones.

384 2057 506 2138 §xxrm
529 2060 647 2122 unrux's
673 2083 781 2124 uorrcn
802 2084 840 2124 or
864 2083 1026 2123 araneax.

211 2206 330 2293 Pliny's
344 2213 476 2271 account
490 2205 526 2270 of
533 2205 693 2292 Germany
705 2207 731 2272 is
748 2209 841 2272 much
858 2230 943 2271 more
955 2205 1071 2282 Greek,
1084 2205 1146 2270 and
1161 2205 1252 2268 much

159 2309 219 2374 less
237 2307 341 2385 latin,
360 2308 437 2372 than
456 2329 502 2370 wc
527 2329 580 2371 are
606 2307 756 2391 prepared
780 2317 813 2372 to
837 2315 949 2392 expect
976 2306 1055 2370 from
1078 2329 1118 2370 au
1141 2307 1255 2370 author

162 2409 289 2494 writiug
304 2409 335 2472 in
353 2407 407 2472 the
422 2407 573 2492 language
588 2409 625 2470 of
636 2407 749 2484 Caesar,
768 2407 830 2472 and
846 2407 1033 2490 subsequent
1050 2414 1083 2471 to
1101 2407 1177 2470 him.

588 2605 660 2648 Nan.
686 2605 765 2647 fflsn.
790 2607 831 2646 lv.

202 2709 362 2773 XXVII.
386 2708 501 2794 Incipit
519 2708 590 2774 inde
608 2709 719 2774 clarior
735 2709 848 2796 aperiri
870 2709 955 2774 fama
974 2709 1015 2773 ab
1035 2715 1130 2794 gente
1155 2705 1255 2791 Ingae-

159 2834 283 2888 vonum,
302 2833 370 2894 qum
393 2818 440 2874 est
465 2811 564 2894 prima
585 2811 657 2874 inde
681 2810 866 2875 Germania.
913 2811 994 2875 Sevo
1020 2831 1109 2874 mons
1131 2808 1174 2872 ibi
1197 2807 1255 2872 im·

158 2934 292 2988 mensus,
319 2932 376 2975 neo
399 2909 538 2994 Riphaeis
560 2907 647 2995 jugis
670 2912 781 2988 minor,
801 2911 968 2975 immanem
994 2910 1037 2975 ad
1057 2910 1255 2974 Cimbrorum
1371 2915 1380 2963 ί

158 3035 254 3096 usque
275 3010 519 3096 promontorium
546 3009 641 3074 efficit
667 3011 779 3086 sinum,
800 3011 851 3096 qui
874 3011 1020 3077 Codanus
1046 3019 1185 3088 vocatur,
1207 3033 1254 3075 re·
1354 3064 1357 3099 f

158 3113 256 3176 fertus
271 3111 392 3176 insulis:
417 3133 547 3194 quarum
562 3110 731 3175 clarissima
748 3111 957 3176 scandinavia
974 3121 1031 3188 est,
1050 3111 1252 3197 incompertae

158 3210 394 3298 magnitudinis,
414 3211 586 3294 portionem
603 3219 726 3276 tantum
738 3209 814 3297 ejus,
830 3213 913 3297 quod
928 3214 969 3276 sit
984 3219 1103 3291 notum,
1121 3213 1254 3278 Hillevi-

159 3334 253 3377 onum
272 3320 365 3397 gente
388 3335 417 3374 o.
436 3310 589 3376 incolente
610 3312 710 3396 pagis,
730 3335 798 3396 quae
820 3312 953 3376 alterum
975 3313 1082 3377 orbem
1100 3321 1253 3378 terrarum

161 3434 230 3476 eam
255 3410 401 3497 appellat.
448 3409 515 3474 Nec
542 3419 590 3476 est
621 3412 723 3475 minor
751 3413 894 3497 opinione
918 3411 1063 3497 Eningia.
1117 3413 1253 3494 Quidam

160 3513 227 3576 haec
242 3511 376 3577 habitari
391 3510 433 3575 ad
450 3509 609 3575 Vistulam
625 3533 721 3594 usque
740 3509 868 3577 fluvium
885 3535 905 3576 a
923 3513 1085 3590 Sarmatis,
1103 3513 1253 3591 Venedis,

160 3613 265 3690 Sciris,
290 3611 403 3676 Hirris
432 3610 573 3674 tradunt.
636 3611 745 3676 Sinum
781 3612 967 3698 Cylipenum
1000 3612 1127 3678 vocari:
1160 3621 1193 3677 et
1222 3616 1253 3678 in

158 3714 238 3780 ostio
265 3710 331 3799 ejus
360 3711 492 3776 insulam
522 3709 643 3775 Latrin.
693 3711 773 3776 Mox
796 3712 930 3777 alterum
961 3713 1062 3778 sinum
1098 3713 1253 3798 Lagnum,

158 3813 385 3880 conterminum
404 3811 548 3876 Cimbris.
596 3799 849 3877 Piomontorium
871 3812 1068 3878 Cimbrorum
1087 3837 1255 3880 excurrens

159 3915 191 3979 in
229 3914 327 3980 maria
349 3914 440 3998 longe
469 3911 663 3996 peninsulam
692 3909 796 3989 efficit,
825 3935 893 3998 quae
927 3913 1046 3980 Cartris
1068 3913 1253 4000 appellatur.

158 4013 237 4080 'I'ree
270 4024 302 4079 et
336 4013 447 4099 viginti
485 4011 558 4075 iude
597 4011 705 4076 insulae
738 4012 951 4078 Romanorum
981 4015 1077 4079 armis
1108 4016 1252 4100 cognitae.

160 4114 280 4180 Earum
298 4113 507 4190 nobilissima,
526 4111 702 4191 Burchana‚
723 4113 860 4178 Fabaria
877 4114 991 4180 nostrie
1009 4115 1102 4192 diota,
1121 4139 1141 4180 a
1157 4117 1254 4202 frugis

157 4214 360 4280 similitudine
383 4223 493 4298 sponte
515 4213 736 4297 provenientis.
793 4213 875 4278 Item
899 4213 1064 4294 Glaesaria,
1088 4238 1108 4279 a
1130 4218 1254 4280 succino

160 4315 281 4379 militias
299 4314 475 4399 appellata:
499 4337 519 4378 a
536 4314 675 4378 barbaris
693 4313 877 4388 Austrania,
894 4323 1067 4400 preterque
1084 4316 1231 4380 Actania.

212 4413 390 4478 XXVIII.
413 4413 494 4477 'I'oto
505 4423 611 4477 autem
627 4415 686 4478 hoo
701 4415 779 4478 mari
795 4415 837 4478 ad
851 4412 989 4479 Scaldim
1004 4439 1099 4500 usqne
1115 4413 1254 4492 fluvium,
