3150 5136
569 467 849 524 nrrnaoonanr.
1184 446 1245 515 xiii

162 629 244 693 inter
266 651 318 694 eos
339 631 477 715 generosi
499 629 668 704 extabant;
692 651 732 692 err
754 628 864 712 quibus
886 626 976 691 siret
991 647 1087 710 reges,
1104 636 1135 689 et
1151 647 1250 688 sacer-v

165 728 254 794 dotes
271 731 501 795 ordinabantur.
536 729 627 793 Adeo
642 751 714 814 ergo
729 728 813 793 fuere
828 726 946 792 laudati
962 725 1061 802 Getae,
1080 734 1114 790 ut
1132 724 1249 789 dudum

167 828 314 906 Martem,
333 853 423 914 quem
439 839 599 914 poetarum
616 828 737 893 fallacia
751 827 844 894 deum
866 826 938 891 belli
959 827 1151 912 pronunciat,
1168 823 1252 909 apud

165 951 217 994 eos
233 930 325 995 fuisse
341 931 446 995 dicant
460 939 614 994 exortum.
659 928 753 993 Unde
769 939 800 993 et
816 927 977 1013 Virgilius,

328 1097 546 1168 “Gradivumque
559 1105 666 1167 petrem,
679 1094 778 1148 Geticis
790 1095 833 1164 qui
846 1093 965 1164 praesidet
978 1091 1072 1144 srvis.''

167 1243 267 1324 Quem
297 1241 432 1306 Martem
457 1241 554 1306 Gothi
586 1262 706 1325 semper
734 1240 903 1324 asperrima
928 1237 1090 1322 placavere
1120 1237 1251 1302 cultura.

167 1342 248 1406 Nam
266 1341 399 1405 victima
421 1339 487 1427 ejus
508 1349 623 1405 mortes
640 1341 724 1404 fuere
739 1348 910 1424 captorum,
927 1338 1088 1423 opinantes
1103 1337 1251 1402 bellorum

166 1441 325 1527 praesulem
341 1442 444 1527 aptius
457 1442 584 1506 humani
600 1440 756 1526 sanguinis
771 1439 916 1504 effusione
928 1438 1123 1522 placandum.
1169 1437 1255 1502 Huic

167 1542 279 1627 praedre
294 1542 463 1627 primordia
477 1541 678 1618 vovebantur,
694 1540 766 1604 huic
782 1537 899 1604 truncis
913 1537 1180 1624 suspendebantur
1201 1560 1254 1602 ex-

167 1641 268 1705 uvias:
293 1649 420 1726 eratque
441 1643 501 1707 illis
523 1641 678 1726 religionis
699 1648 812 1726 praeter
836 1647 963 1703 ceteros
985 1637 1158 1702 insinuatus
1179 1637 1255 1702 affe·
1350 1659 1353 1664 ·

168 1750 248 1816 ctus,
264 1764 357 1825 quum
374 1742 494 1827 parenti
511 1741 633 1805 devotio
648 1739 780 1806 nominis
794 1739 950 1804 videretur
966 1738 1113 1823 impendi.
1147 1737 1254 1803 Tertia

168 1863 241 1906 vero
267 1841 355 1906 sedes
380 1863 474 1926 supra
492 1863 576 1905 mare
603 1841 778 1904 Ponticum.
825 1839 899 1904 Jam
921 1839 1127 1915 humaniores,
1151 1846 1193 1916 et,
1218 1847 1255 1903 ut

170 1941 309 2025 superius
340 1941 484 2016 diximus,
517 1939 728 2025 prudentiores
761 1939 873 2016 effecti,
905 1938 994 2004 divisi
1033 1961 1088 2024 per
1123 1939 1255 2004 familias

169 2040 283 2124 populi,
302 2039 502 2126 Wesegothae
523 2040 647 2104 lamiliae
665 2039 857 2117 Baltborum,
883 2037 1078 2124 Ostrogothus
1103 2039 1257 2124 praularia

173 2139 296 2205 Amalis
317 2140 501 2205 serviebant.
546 2140 684 2221 Quorum
698 2139 835 2204 studium
850 2138 910 2202 fuit
925 2138 1068 2224 primum,
1085 2139 1165 2203 inter
1179 2139 1255 2204 alias

171 2247 279 2324 gentes
301 2239 425 2317 vicinas,
447 2263 536 2304 arcus
550 2239 709 2305 intendere
726 2239 848 2313 nervis,
878 2237 1012 2316 Lucano,
1029 2238 1098 2323 plus
1112 2238 1257 2304 historico

173 2361 266 2422 quam
282 2348 384 2425 poeta,
400 2348 546 2418 testante,

380 2495 592 2566 “Armeniosque
603 2512 677 2548 arcus
688 2495 788 2548 Geticis
800 2493 930 2547 intendere
943 2495 1055 2549 nervis.”

172 2640 261 2704 Ante
285 2661 361 2723 quos
387 2640 482 2703 etiam
508 2647 602 2703 cantu
623 2636 772 2724 majorum
789 2638 873 2702 facta
887 2637 1148 2704 modulationibus
1162 2640 1258 2705 citha·

172 2739 273 2824 risque
305 2739 467 2814 canebant,
501 2739 745 2824 Etbespamarae,
769 2738 912 2814 Hanalae,
942 2737 1126 2826 Fridigerui,
1153 2741 1257 2806 Widi-

119 2883 125 2890 ·
173 2840 259 2915 culae,
283 2847 315 2903 et
344 2839 484 2916 aliorum,
513 2862 642 2924 quorum
671 2840 702 2903 in
732 2840 791 2904 hae
819 2848 911 2924 gente
939 2861 1053 2926 magna
1074 2841 1177 2925 opinio
1199 2851 1257 2919 est,

172 2941 277 3026 quales
293 2939 346 3005 vix
371 2939 481 3005 heroas
502 2938 594 3004 fuisse
612 2938 754 3003 miranda
768 2937 871 3024 jactat
886 2939 1063 3024 antiquitas.
1109 2939 1208 3016 Tunc,
1223 2950 1259 3006 ut

171 3040 279 3117 fertur,
296 3039 433 3105 Vesoces
448 3039 575 3126 Scythis
589 3039 809 3124 lachrymabile
824 3039 881 3103 sibi
897 3040 999 3124 potius
1013 3040 1120 3105 intulit
1134 3041 1258 3116 bellum,

173 3141 217 3213 eis
242 3139 395 3218 videlicet,
422 3163 498 3225 quos
517 3141 713 3204 Amazonum
736 3139 816 3204 viros
839 3139 939 3223 prisca
959 3140 1056 3204 tradit
1080 3143 1258 3207 auctoritas.

174 3239 223 3304 De
237 3241 323 3324 queis
337 3239 467 3306 feminas
480 3241 655 3306 bellatrices
671 3247 703 3303 et
720 3239 846 3304 Orosius
861 3240 891 3302 in
907 3239 1006 3325 primo
1022 3241 1175 3306 volumine
1190 3265 1258 3327 pro·

172 3341 252 3404 fessa
269 3362 341 3404 vose
367 3349 511 3405 testatur.
563 3339 658 3405 Unde
686 3362 757 3404 cum
785 3339 897 3404 Gothis
920 3362 991 3404 eum
1017 3339 1178 3406 dimicasse
1198 3343 1260 3407 evi·

175 3439 284 3504 denter
311 3440 486 3523 probamus,
511 3464 602 3525 quem
630 3462 700 3504 cum
718 3439 914 3504 Amazonum
940 3439 1013 3505 viris
1039 3441 1178 3507 absolute
1203 3465 1261 3527 pu·

175 3561 285 3624 grasse
299 3539 528 3624 cognoscimus:
548 3541 600 3625 qui
614 3548 689 3605 tune
703 3563 723 3604 a
737 3538 921 3606 Boristbene
930 3562 1029 3617 amne,
1042 3565 1132 3626 quern
1147 3543 1259 3606 accolae

175 3638 354 3704 Danubium
369 3647 491 3715 vocant,
507 3663 602 3724 usque
618 3640 659 3703 ad
675 3639 793 3704 Tanain
811 3637 947 3721 fluvium,
962 3641 1044 3705 eirca
1058 3641 1158 3706 sinum
1175 3643 1260 3727 palu·

174 3739 222 3804 dis
250 3739 409 3804 Maeotidis
434 3739 644 3804 considebant.
690 3738 809 3805 Tanain
832 3761 904 3805 vero
934 3740 1015 3804 hunc
1041 3741 1120 3818 dico,
1148 3743 1199 3826 qui
1222 3767 1261 3807 ex

176 3839 305 3924 Ripbeis
326 3839 483 3904 montibus
505 3837 643 3925 dejectus
664 3838 742 3904 adeo
759 3863 894 3926 praecepa
909 3841 981 3916 ruit,
1000 3849 1036 3904 ut
1050 3864 1144 3925 quum
1160 3843 1261 3908 vicina

177 3937 312 4016 flumina,
344 3941 407 4004 sive
441 3939 578 4015 Maeotis,
610 3939 657 4004 vel
692 3938 848 4025 Bosporus
872 3941 943 4026 gelu
969 3940 1147 4020 solidentur,
1179 3943 1261 4009 solus

176 4039 313 4103 amnium
339 4041 526 4126 confragosis
547 4039 704 4104 montibus
729 4049 905 4125 vaporatus,
929 4063 1086 4124 nunquam
1113 4041 1260 4129 Scythico

178 4139 313 4204 durescit
335 4141 449 4225 algore.
501 4139 564 4206 Hic
588 4140 670 4205 inter
687 4140 797 4205 Asiam
822 4139 1039 4225 Europamque
1054 4142 1203 4207 terminus
1218 4144 1262 4207 fa-

177 4261 281 4304 mosus
295 4239 446 4304 habetur:
471 4263 542 4304 nam
560 4242 702 4305 altercat
720 4241 782 4318 ille,
801 4240 851 4324 qui
876 4241 1032 4305 montibus
1055 4241 1260 4306 Obrinnorum

176 4341 289 4410 oriens,
314 4340 345 4403 in
370 4339 516 4424 Caspium
538 4363 623 4406 mare
648 4341 803 4405 dilabitur.
857 4340 1020 4405 Danubius
1045 4350 1150 4405 autem
1176 4355 1264 4406 ortus

176 4439 285 4524 grandi
312 4439 434 4524 palude,
461 4441 547 4524 quasi
577 4462 617 4505 ex
646 4441 723 4504 mari
756 4439 961 4525 profunditur.
1016 4439 1078 4504 Hic
1105 4441 1265 4524 usquead
