3150 5136
327 389 401 458 xxii
601 397 883 456 annonantur
909 398 958 454 OF
983 399 1148 456 ructata.

326 565 385 628 hoc
408 561 631 628 ferocissimum
653 559 797 634 edidere;
830 560 914 645 quod
941 560 1001 626 fuit
1023 563 1158 646 primum
1184 561 1267 626 iuter
1292 548 1439 647 palrides

330 664 498 728 Maeotidas
527 661 693 738 minutum,
717 667 845 738 tetrum,
868 668 962 745 atque
992 661 1083 746 exile,
1106 661 1193 746 quasi
1216 663 1438 728 inhumanum

327 786 434 848 genus,
450 785 506 828 nec
521 762 583 828 alia
597 783 672 826 voce
686 768 806 840 uotum,
824 761 883 828 nisi
910 761 992 846 quod
1017 762 1145 828 humaui
1168 761 1320 828 sermonis
1346 763 1436 828 ima·

327 865 432 948 ginem
449 861 637 950 assignabat.
689 861 758 926 Tali
774 883 847 946 ergo
865 861 976 926 Hunni
991 861 1086 947 stirpe
1112 862 1218 938 creati,
1243 862 1436 928 Gothorum

328 963 441 1029 finibus
462 963 627 1028 advenere.
671 961 810 1044 Quorum
832 961 919 1026 natio
944 984 1037 1038 aava,
1063 969 1100 1026 ut
1122 964 1241 1048 priscus
1254 962 1437 1029 historicus

328 1065 433 1140 refert,
448 1063 480 1129 in
498 1061 648 1128 Mmotide
663 1061 776 1148 palude
791 1061 967 1127 ulteriorem
984 1062 1082 1148 ripam
1098 1061 1230 1128 insedit:
1255 1063 1436 1128 venatione

328 1172 463 1240 tantum,
478 1187 535 1229 nec
548 1163 609 1228 alio
626 1163 731 1228 labore
748 1170 889 1248 experta,
906 1161 964 1227 nisi
982 1163 1066 1247 quod
1087 1171 1250 1248 postquam
1273 1165 1435 1228 crevisset

327 1265 359 1330 in
378 1265 516 1350 populos,
541 1263 702 1328 fraudibus
726 1269 758 1326 et
781 1261 898 1348 rapinis
912 1263 1045 1327 vicinam
1070 1271 1195 1347 gentem
1210 1264 1433 1328 conturbavit.

328 1363 434 1452 Hujus
447 1387 520 1450 ergo
538 1365 588 1446 (ut
602 1363 751 1445 assolent)
768 1371 939 1440 venatores,
957 1362 1032 1427 dum
1049 1363 1081 1428 iu
1098 1363 1235 1428 ulteriori
1259 1363 1434 1430 Maeotidis

325 1466 394 1551 ripa
408 1465 589 1530 venationes
614 1463 783 1547 inquirunt,
811 1462 1064 1528 animadvertunt
1080 1463 1234 1548 quomodo
1248 1486 1288 1528 ex
1304 1464 1434 1549 impro-

325 1566 392 1631 viso
416 1587 508 1629 cerva
533 1586 565 1628 se
590 1563 651 1628 illis
675 1561 799 1638 obtulit,
822 1561 1018 1648 ingressaque
1040 1563 1154 1648 palude
1180 1585 1263 1628 nuno
1294 1587 1431 1650 progre-

326 1665 422 1739 diens,
445 1686 528 1728 nuuc
553 1663 733 1738 subsistens,
756 1661 890 1728 indicem
912 1685 945 1728 se
962 1663 1020 1728 via
1035 1664 1157 1728 tribuit.
1202 1663 1306 1746 Quam
1321 1666 1429 1730 secuti

325 1773 499 1838 venatores,
526 1762 672 1848 paludem
699 1762 892 1840 Maeotidem‚
908 1786 1001 1847 quam
1024 1765 1208 1848 imperviam
1230 1771 1267 1828 ut
1290 1765 1429 1850 pelagus

325 1864 557 1938 existimabant,
584 1861 714 1948 pedibus
738 1864 897 1928 transiere.
950 1864 1030 1928 Mox
1057 1887 1178 1949 quoqne
1205 1871 1241 1928 nt
1268 1863 1429 1950 Scythica

325 1975 409 2030 terra
432 1963 547 2048 ignotis
568 1962 723 2048 apparuit,
742 1985 834 2028 cerva
857 1963 1021 2048 disparuit.
1068 1964 1161 2047 Quod
1182 1964 1274 2030 credo
1291 1965 1428 2050 spiritus

324 2063 381 2140 illi,
396 2063 479 2128 unde
502 2063 680 2151 progeniem
706 2065 846 2141 trahunt,
870 2063 912 2128 ad
937 2062 1126 2149 Scytharum
1151 2065 1302 2130 invidiam
1318 2087 1427 2150 egere.

326 2164 378 2229 Illi
393 2187 475 2242 vero,
492 2163 544 2249 qui
559 2173 672 2249 praeter
689 2163 870 2228 Maeotidem
893 2164 1037 2249 paludem
1059 2164 1155 2230 alium
1177 2164 1330 2230 mundum
1354 2189 1427 2231 esse

323 2265 448 2351 penitus
470 2263 664 2350 ignorabant,
688 2263 894 2328 admiratione
919 2263 1039 2330 inducti
1059 2273 1149 2330 terra
1166 2265 1316 2351 Scythiae,
1335 2273 1372 2330 et
1388 2275 1427 2330 ut
1548 2315 1549 2348 ,

323 2375 396 2430 suut
419 2365 555 2440 solertes,
572 2363 633 2429 iter
653 2363 730 2429 illud
754 2362 831 2427 nulli
852 2371 926 2428 ante
950 2365 1031 2430 hanc
1059 2373 1185 2430 atatem
1209 2365 1425 2444 notissimum,

323 2465 472 2531 divinitus
509 2465 568 2530 sibi
603 2471 762 2530 ostensum
785 2465 859 2538 rati,
886 2463 928 2528 ad
951 2487 1023 2530 suos
1048 2465 1190 2542 redeunt,
1220 2465 1265 2530 rei
1291 2474 1423 2551 gestum

322 2566 459 2644 edicunt,
483 2563 648 2652 Scythiam
671 2563 811 2641 laudaut,
828 2587 1034 2650 persuasaque
1053 2573 1146 2652 gente
1169 2588 1234 2642 sua,
1250 2565 1302 2630 via
1322 2589 1423 2650 quam

322 2689 414 2732 cerva
438 2665 540 2730 indiee
566 2664 712 2742 didicere,
740 2663 782 2728 ad
809 2662 974 2750 Scythiam
1004 2673 1180 2752 properant,
1207 2675 1240 2730 et
1267 2675 1424 2750 quantos-

321 2789 442 2851 cunque
457 2766 541 2851 prius
555 2763 587 2830 iu
601 2765 741 2850 ingressu
759 2762 948 2850 Scytharum
964 2766 1108 2843 habuere,
1124 2766 1252 2831 litavere
1266 2765 1422 2842 victoriae,

321 2866 455 2951 reliquos
490 2864 681 2951 perdomitos
710 2864 868 2951 subegere.
928 2865 1010 2930 Nam
1039 2887 1114 2930 mox
1143 2866 1300 2952 ingentem
1331 2867 1423 2932 illam

321 2966 468 3053 paludem
483 2965 643 3040 transiere,
658 2963 729 3030 ilico
745 2963 920 3050 Alipzuros,
937 2964 1131 3044 Alcidzuroe,
1150 2965 1313 3045 Itamaros,
1330 2965 1423 3033 Tini-

322 3089 436 3141 cassos,
452 3073 485 3130 et
508 3065 646 3143 Boiscos,
662 3065 715 3148 qui
739 3065 814 3150 ripae
840 3065 930 3130 istius
956 3065 1093 3152 Scythiae
1119 3065 1304 3144 insidebant,
1328 3069 1420 3150 quasi

322 3167 448 3251 quidam
472 3166 564 3230 turbo
587 3165 727 3250 gentium
751 3187 890 3250 rapuere.
935 3165 1056 3231 Alanos
1081 3189 1201 3251 quoqne
1226 3189 1333 3252 pugna
1356 3167 1419 3233 sibi

322 3287 421 3353 pares,
445 3264 500 3331 sed
525 3265 721 3330 immanitate
749 3264 859 3342 victus,
883 3265 1042 3350 formaque
1069 3265 1241 3337 dissimiles.
1262 3267 1420 3352 frequenti

322 3366 491 3431 certamine
508 3365 677 3450 fatigantes
690 3363 904 3450 subjugavere.
955 3365 1038 3430 Nam
1052 3374 1085 3432 et
1100 3389 1176 3450 quos
1190 3367 1271 3432 bello
1285 3365 1420 3434 forsitan

322 3465 449 3532 minime
472 3465 670 3551 superabant,
686 3465 792 3530 vultus
813 3466 860 3531 sui
882 3474 999 3530 terrore
1021 3465 1150 3531 nimium
1167 3489 1314 3552 pavorem
1329 3467 1420 3553 inge-

322 3575 425 3633 rentes
440 3564 611 3651 fugabant:
635 3587 672 3630 eo
687 3564 769 3650 quod
784 3572 852 3630 erat
867 3565 911 3631 eis
924 3565 1041 3651 species
1063 3567 1212 3652 pavendas
1233 3567 1417 3654 nigredinis,

322 3675 355 3732 et
379 3666 466 3732 velut
493 3664 636 3750 quadam
663 3665 704 3748 (si
732 3664 793 3730 dici
818 3665 866 3732 fas
891 3665 954 3747 est)
974 3665 1120 3733 deformis
1142 3667 1213 3746 offa,
1230 3691 1292 3732 nnn
1306 3667 1418 3744 facies,

321 3768 499 3851 habensque
513 3765 613 3851 magis
627 3773 752 3852 puncta,
767 3787 862 3850 quam
883 3766 1010 3832 lumina.
1056 3766 1195 3849 Quorum
1217 3766 1314 3833 animi
1336 3765 1419 3833 fidu·

322 3868 403 3932 ciam
419 3875 527 3932 torvus
542 3866 646 3952 prodit
662 3875 828 3952 aspectus:
852 3867 905 3951 qui
920 3867 1016 3932 etiam
1031 3867 1064 3932 in
1083 3867 1213 3954 pignore
1233 3889 1291 3933 sua
1313 3867 1417 3952 primo

286 3949 371 4032 'die
394 3974 470 4032 nata
496 3966 677 4032 desaeviunt.
733 3964 821 4031 Nam
844 3966 982 4032 maribus
1008 3968 1089 4032 ferro
1115 3989 1211 4053 genas
1235 3975 1352 4044 secant,
1380 3977 1417 4032 nt

319 4077 488 4151 antequam
502 4067 591 4132 laetis
603 4067 795 4131 nutrimenta
807 4066 988 4153 percipiant,
1001 4067 1135 4134 vulneris
1148 4075 1300 4154 cogantur
1311 4067 1417 4133 subire

319 4167 527 4233 tolerantiam.
590 4165 675 4232 Hinc
702 4167 857 4232 imberbes
887 4174 1059 4246 senescunt,
1092 4176 1124 4232 et
1153 4167 1218 4234 eine
1250 4175 1416 4234 venustate

320 4267 430 4354 ephebi
457 4275 549 4342 sunt;
573 4267 646 4351 quia
668 4268 762 4334 facies
787 4269 867 4332 ferro
896 4269 1026 4348 sulcata,
1046 4269 1263 4353 tempestivam
1280 4268 1415 4354 pilorum

317 4369 451 4454 gratiam
480 4391 534 4454 per
558 4368 716 4434 cicatrices
740 4367 885 4434 absumit.
932 4368 1048 4454 Exigui
1077 4367 1201 4454 quidem
1226 4370 1336 4448 forma,
1359 4368 1415 4434 sed
