3226 5088
278 323 327 394 88
556 336 633 392 nnn
655 335 837 391 ennnesr
860 335 908 390 or
928 333 1094 390 recrrus.

278 503 348 567 erat,
368 508 580 570 nonnunquam
602 489 743 562 interdiu,
760 489 864 567 saepius
883 488 1024 561 nootn,ei
1046 503 1227 566 pernrmpers
1250 491 1374 564 possent,

281 592 388 663 conati,
400 589 493 668 operis
513 587 675 648 munitione
692 595 722 646 et
741 587 870 646 militum
890 605 1030 646 concursu
1050 598 1079 644 et
1100 585 1165 644 telis
1184 583 1299 662 repulsi,
1316 582 1373 642 hoo

284 697 389 749 conatu
403 686 583 746 doetitenmt

324 785 379 844 lx
402 782 631 862 Relinquebatur
646 801 705 841 una
718 800 769 860 per
789 781 934 858 Sequanos
947 781 1003 852 ria,
1017 799 1082 858 qua,
1104 779 1242 857 Sequanis
1261 779 1370 850 invitia,

283 891 400 963 propter
412 881 558 960 angustias
569 881 610 939 ire
620 899 677 938 non
687 887 827 958 poterant.
870 879 925 938 His
935 899 1026 957 quum
1036 898 1088 936 sua
1094 884 1194 956 sponte
1208 877 1374 956 persuadere

284 1001 341 1041 non
356 987 477 1059 possem,
491 979 598 1056 legatos
611 977 649 1037 ad
663 976 869 1062 Dumnorigem
886 975 1016 1036 Alduum
1036 976 1168 1046 mittunt,
1182 984 1216 1034 ut
1232 995 1265 1034 eo
1277 974 1375 1053 depre-

284 1086 379 1138 catore
391 1098 409 1138 a
421 1076 560 1155 Sequanis
573 1077 769 1154 impetrarent.
811 1073 974 1133 Dumnorix
987 1073 1080 1152 gratia
1092 1079 1122 1132 et
1134 1072 1285 1150 largitione
1298 1071 1374 1150 apud

286 1177 431 1254 Sequanos
451 1175 610 1254 plurimum
631 1181 744 1252 poterat
763 1180 794 1233 et
818 1172 959 1232 Helvetiis
980 1179 1041 1232 erat
1061 1172 1179 1240 amicus,
1193 1171 1270 1249 quod
1289 1191 1325 1230 ex
1342 1191 1374 1230 ea

285 1275 403 1334 civitate
427 1273 601 1352 Orgetorigis
623 1273 714 1332 filiam
734 1271 766 1330 iu
788 1270 1002 1330 matrimonium
1020 1269 1151 1342 duxerat,
1171 1276 1200 1328 st
1217 1269 1374 1347 cupiditate

285 1371 367 1449 regni
380 1371 520 1430 adductus
534 1370 615 1429 novis
635 1369 719 1428 rebus
738 1367 872 1435 studebat
891 1375 921 1428 et
934 1387 1020 1445 quam
1033 1367 1170 1445 plurimas
1183 1367 1311 1426 civitatee
1323 1386 1374 1426 suo

285 1469 341 1528 eibi
363 1468 499 1528 beneficio
519 1467 622 1526 hebere
644 1466 795 1526 obstrictas
815 1465 936 1526 volebat.
977 1463 1079 1542 ltaque
1098 1484 1158 1524 rem
1177 1465 1296 1542 suscipit
1314 1471 1372 1524 eta

286 1567 426 1644 Sequanis
438 1566 584 1644 impetrat,
597 1571 631 1624 ut
645 1585 695 1642 per
708 1563 779 1624 fines
791 1583 857 1622 suos
870 1564 912 1622 ire
927 1561 1073 1621 Helvetios
1083 1562 1238 1640 potiantur,
1252 1561 1372 1626 obsides-

285 1684 342 1742 qne
363 1663 408 1722 uti
422 1664 498 1722 inter
511 1681 569 1720 sese
581 1661 658 1734 dent,
668 1661 799 1740 perficit:
819 1660 953 1737 Sequani,
963 1679 999 1718 ne
1009 1659 1112 1719 itinere
1121 1659 1266 1719 Helvetios
1279 1658 1373 1738 prohi-

286 1762 393 1830 beant3
415 1759 554 1829 Helvetii,
568 1765 602 1817 ut
615 1761 677 1818 eine
690 1758 828 1817 maleficio
842 1765 871 1816 et
884 1756 991 1834 injuria
1004 1763 1158 1816 transeant.

326 1856 364 1916 X.
396 1855 502 1914 Ooesari
529 1857 720 1930 renuntiatur,
749 1855 890 1914 Helvetiis
917 1875 976 1914 sese
1001 1855 1033 1914 in
1063 1855 1167 1927 animo,
1197 1875 1247 1934 per
1274 1873 1373 1933 agrum

287 1955 486 2032 Sequanorum
507 1962 535 2012 et
556 1953 717 2014 AEduorum
735 1954 792 2013 iter
811 1954 843 2014 in
864 1953 1023 2014 Santonum
1042 1953 1112 2012 fines
1131 1953 1227 2026 iacere,
1246 1953 1297 2031 qui
1315 1971 1375 2011 non

285 2053 370 2128 louge
384 2071 401 2110 a
415 2050 591 2110 Tolosatium
604 2050 710 2110 finibus
727 2051 839 2124 absum,
852 2071 917 2130 ques
931 2051 1032 2110 civitas
1045 2067 1087 2109 est
1100 2051 1131 2110 in
1144 2051 1299 2129 provincia.
1338 2048 1375 2108 Id

285 2148 310 2208 si
330 2149 418 2220 fieret,
438 2147 627 2226 intelligebat,
649 2169 753 2226 magno
776 2168 843 2208 cum
864 2149 990 2228 periculo
1009 2148 1162 2226 provincie
1181 2148 1321 2221 futurum,
1340 2154 1375 2206 ut

285 2245 415 2306 homines
429 2245 584 2318 bellicosos,
598 2247 699 2325 populi
718 2245 841 2305 Romani
864 2245 1004 2317 inimicos,
1017 2245 1085 2304 locis
1103 2245 1266 2324 patentibus
1284 2243 1377 2304 maxi·

284 2363 386 2421 meque
398 2343 592 2402 frumentariis
611 2342 748 2402 finitimos
768 2342 894 2402 haberet.
934 2343 978 2402 Ob
991 2363 1037 2402 eas
1050 2362 1160 2402 caumas
1173 2343 1199 2402 ei
1213 2340 1377 2413 munitioni,

284 2461 371 2520 quam
382 2439 493 2511 fecerat,
506 2439 539 2498 Τ.
548 2439 705 2500 labienum
716 2441 843 2520 legatum
854 2440 981 2518 prefecit
994 2461 1001 2499 ι
1023 2441 1083 2519 ipse
1096 2441 1128 2498 in
1139 2439 1255 2500 Italiam
1265 2439 1374 2517 magnis

285 2538 438 2600 itineribus
462 2537 620 2608 contendit,
644 2537 770 2614 duasque
790 2537 832 2595 ibi
852 2537 977 2614 legiones
1001 2537 1154 2596 conscribit
1176 2544 1205 2596 et
1226 2543 1291 2608 tres,
1308 2555 1374 2613 quse

286 2635 395 2694 circum
409 2633 573 2712 Aquileiam
587 2633 759 2706 hiemabant,
773 2652 809 2692 ex
830 2634 957 2694 hibernie
977 2634 1074 2693 educit
1092 2641 1129 2707 et,
1142 2655 1200 2712 qua
1212 2634 1376 2712 proximum

283 2732 340 2792 iter
353 2733 385 2790 in
398 2732 562 2790 ulteriorem
582 2731 706 2791 Galliam
729 2751 780 2809 per
799 2731 887 2810 Alpes
908 2739 978 2804 erat,
992 2751 1057 2792 curn
1077 2731 1123 2790 hie
1143 2733 1270 2810 quinque
1289 2731 1373 2809 legio-¹

285 2829 371 2888 nibus
385 2829 427 2887 ire
441 2828 598 2888 contendit.
641 2827 688 2887 Ibi
710 2827 864 2888 Ceutrones
885 2837 914 2888 et
934 2829 1075 2889 Graioceli
1094 2837 1123 2889 et
1137 2829 1294 2908 Caturiges,
1306 2829 1374 2888 locis

285 2924 477 3002 superioribus
490 2924 643 3003 occupatis,
658 2925 762 2985 itinere
775 2927 931 2986 exercitum
945 2926 1095 3005 prohibere
1108 2933 1254 2986 conantur.
1295 2925 1377 2985 (lorn-

285 3021 416 3098 plurihue
436 3019 482 3078 his
503 3021 612 3099 proeliis
631 3022 730 3099 pulsis,
744 3022 780 3082 ab
800 3023 893 3096 Ocelo,
906 3024 984 3102 quod
1002 3031 1045 3082 est
1065 3023 1203 3084 citerioris
1222 3023 1375 3102 provincia

286 3125 456 3191 extremum,
480 3118 512 3176 in
534 3118 604 3178 fines
629 3119 834 3179 Vocontiorum
852 3121 996 3180 ulterioris
1019 3122 1173 3200 provinciae
1191 3121 1238 3180 die
1255 3121 1374 3200 septimo

287 3215 437 3293 pervenit:
458 3214 524 3274 inde
544 3214 575 3273 in
593 3215 781 3294 Allobrogum
800 3217 879 3290 fines,
893 3217 929 3277 ab
944 3217 1145 3297 Allobrogibus
1162 3218 1193 3277 in
1208 3217 1374 3295 Segmianos

286 3315 446 3372 exercitum
460 3313 550 3372 ducit.
580 3312 622 3372 Hi
637 3325 705 3376 sunt
718 3323 801 3376 extra
814 3316 990 3394 provinciam
1004 3323 1083 3376 trane
1097 3317 1269 3376 Rhodanum
1282 3317 1376 3395 primi.

326 3410 383 3470 XI.
407 3410 534 3470 Helvetii
544 3410 606 3488 jam
620 3431 671 3490 per
690 3413 838 3490 angustiae
852 3420 881 3472 et
895 3413 964 3473 fines
979 3414 1173 3492 Sequanorum
1196 3434 1260 3473 suas
1282 3415 1376 3492 copias

286 3507 508 3583 transduxerant
531 3516 560 3568 et
582 3508 613 3566 in
636 3508 796 3568 AEduorum
818 3508 888 3570 fines
910 3519 1097 3590 pervenerant
1119 3531 1274 3588 eorumque
1294 3531 1377 3590 agros

286 3606 506 3685 populabantur.
549 3605 649 3678 AEdui,
660 3626 752 3686 quum
765 3627 794 3666 se
807 3627 916 3686 suaque
929 3610 966 3669 ab
979 3610 1015 3670 iis
1029 3609 1178 3670 defendere
1187 3629 1245 3668 non
1255 3617 1378 3687 possent,

283 3701 391 3782 legatos
399 3703 435 3763 ed
445 3702 581 3763 Qarem
592 3704 714 3763 mittunt
723 3712 855 3785 rogatum
865 3706 1010 3767 auxilium
1022 3730 1030 3766 :
1043 3713 1062 3742 ‘¹
1069 3707 1112 3767 ita
1122 3728 1151 3766 se
1161 3707 1239 3766 omni
1250 3717 1375 3785 tempore

286 3798 321 3859 de
334 3801 440 3879 populo
453 3800 581 3860 Romano
591 3801 707 3860 meritos
716 3821 782 3876 esee,
792 3814 826 3862 ut
836 3823 917 3882 piane
931 3805 962 3864 in
973 3812 1125 3883 conspectu
1136 3805 1278 3864 exercitus
1288 3804 1377 3865 nostri

285 3897 347 3974 agri
361 3898 474 3970 vastari,
484 3897 567 3957 liberi
581 3917 679 3958 eorum
692 3899 723 3957 in
734 3900 900 3960 seruitutem
911 3901 1024 3970 abduci,
1035 3901 1141 3980 oppida
1150 3901 1308 3980 expugnari
1319 3919 1377 3960 nou

284 3992 459 4055 debuerint.”
500 3994 607 4054 Eodem
628 4003 755 4074 tempore
780 3995 924 4068 Ambarri,
948 3999 1095 4058 neeeeeerii
1122 4007 1151 4058 et
1173 3997 1376 4078 consanguinei

284 4088 456 4156 AEduorum,
472 4090 610 4150 Seserem
631 4093 779 4153 certiorem
799 4093 918 4168 famant,
933 4114 1001 4167 sese,
1021 4096 1201 4175 depopulatis
1221 4097 1305 4174 agris,
1319 4114 1377 4154 non

282 4186 365 4246 facile
378 4187 414 4247 ab
428 4187 542 4266 oppidis
558 4188 616 4247 vim
629 4188 755 4250 hostium
768 4190 936 4268 prohibere:
958 4193 1028 4252 item
1043 4192 1217 4272 Allobroges,
1232 4193 1283 4272 qui
1297 4199 1376 4254 trans

282 4283 453 4344 Rhodanum
482 4285 558 4344 vicos
583 4287 824 4364 possessionesque
849 4288 1003 4363 habehant,
1026 4290 1095 4368 iuga
1121 4310 1151 4350 ee
1176 4291 1213 4350 ed
1237 4291 1373 4351 Gaesarem
