3158 5122
598 442 875 500 EPILEGOMENA.
1186 434 1287 502 xxvii

189 636 263 679 aera
286 612 391 698 lapsus
415 609 531 676 imitari
546 607 721 684 videantur,
738 615 770 672 et
785 627 1008 689 nonnunquam
1025 605 1057 669 iu
1072 605 1124 670 illo
1139 607 1287 674 barathro

189 713 344 778 horrendo
360 712 453 777 nimis
470 712 557 775 exitu
577 715 717 794 pereunt.
763 705 853 792 Saepe
877 728 948 770 curn
965 703 1034 792 jam
1053 705 1182 793 jamque
1206 732 1289 774 mer·

189 813 300 899 gendae
324 813 396 890 sint,
417 811 529 878 subitis
549 809 704 874 undarum
725 807 858 878 molibus
880 814 1042 871 retroacta
1068 817 1159 874 tanta
1183 833 1288 876 narsus

192 914 334 999 agilitate
370 912 483 978 exinde
522 910 715 994 elongantur,
745 915 862 991 quanto
899 907 984 992 prius
1019 907 1170 974 adtracta
1205 919 1288 980 sunt.

194 1013 365 1079 Affirmant
388 1034 454 1078 esse
478 1017 510 1077 et
529 1009 624 1076 aliam
650 1004 828 1094 hujusmodi
851 1007 1040 1092 voraginem,
1058 1008 1140 1072 inter
1164 1009 1288 1076 Britan·

193 1114 278 1179 niam
293 1114 435 1189 insulem,
454 1110 651 1194 Galliamque
667 1107 876 1194 provinciam:
900 1107 1060 1172 caiatiam
1083 1109 1126 1172 rei
1148 1111 1288 1196 adstipu-

194 1215 299 1278 lantur
329 1211 508 1297 Sequanicae
530 1209 770 1294 Aquitaniaeque
800 1207 902 1286 litora,
923 1231 991 1290 quaa
1021 1207 1068 1274 bis
1093 1207 1125 1272 in
1150 1209 1200 1275 die
1222 1220 1288 1278 tam

193 1314 304 1378 subitis
320 1311 576 1377 inundationibus
589 1309 765 1394 opplentur,
781 1318 818 1372 ut
834 1309 886 1391 qui
910 1308 1040 1374 fortasse
1063 1308 1289 1393 aliquantulum

193 1415 343 1478 introrsus
365 1437 385 1478 a
404 1413 495 1478 litore
511 1420 652 1496 repertus
668 1409 772 1486 hierit,
790 1409 921 1472 evadere
936 1409 990 1472 vix
1007 1409 1114 1494 possit.
1171 1409 1291 1480 Videas

194 1535 301 1579 earum
330 1513 491 1599 regionum
523 1509 659 1588 flumina,
693 1509 811 1574 fontem
839 1531 947 1574 versus
978 1531 1069 1574 eursu
1098 1510 1290 1578 velocissimo

194 1615 302 1688 relabi,
318 1637 356 1678 ac
371 1613 609 1700 permultorum
624 1609 756 1674 millium
770 1609 881 1694 spatia,
898 1608 1005 1674 dulces
1026 1607 1188 1675 fluminum
1211 1614 1291 1699 lym·

194 1716 273 1800 phas
303 1714 335 1778 in
365 1711 605 1778 amaritudinem
636 1711 724 1775 verti.
771 1709 914 1795 Triginta
942 1708 1039 1774 ferme
1069 1733 1088 1776 a
1119 1710 1292 1796 Sequanico

193 1815 283 1879 litore
311 1813 436 1878 Euodia
460 1811 562 1877 insula
587 1810 724 1875 millibus
750 1809 857 1891 distat,
882 1809 915 1875 in
939 1833 1010 1895 qua,
1035 1811 1116 1876 siam
1142 1813 1183 1877 ab
1208 1815 1292 1881 illius

193 1914 301 1979 incolis
324 1914 535 1987 adseveratur,
550 1910 745 1996 vergentium
769 1911 802 1974 in
827 1911 958 1975 eandem
980 1911 1174 1998 Charybdim
1194 1937 1291 1998 aqua-

195 2035 265 2078 rum
279 2012 445 2098 garrulitas
466 2011 605 2076 auditur.
649 2010 770 2075 Audivi
790 2010 945 2092 quendam
966 2011 1191 2079 nobilissimum
1215 2015 1290 2080 Gal·

194 2113 293 2177 lorum
325 2113 520 2188 referentem,
549 2111 631 2195 quod
660 2109 827 2194 aliquante
856 2133 961 2188 naves,
990 2112 1075 2196 prius
1103 2119 1291 2200 tempestate

194 2214 358 2292 convulsae,
374 2209 572 2298 postmodnm
594 2211 635 2276 ab
656 2211 715 2275 hac
738 2209 846 2274 ea'dern
876 2211 1038 2297 Charybdi
1061 2222 1177 2279 vorate
1205 2225 1289 2282 sunt.

198 2313 290 2378 Unus
311 2321 417 2378 autem
439 2334 479 2377 ex
501 2310 644 2376 omnibus
660 2309 735 2376 viris
751 2309 955 2390 solummodo,
970 2313 1022 2396 qui
1037 2311 1068 2376 in
1084 2315 1215 2380 navibus
1229 2316 1291 2382 illis

195 2413 331 2490 linerent,
360 2411 563 2478 morientibus
593 2409 722 2490 caeteris,
754 2409 829 2474 dum
857 2410 960 2476 adhuc
989 2408 1136 2478 fluetibus
1170 2416 1290 2501 spirans
1398 2439 1407 2462 ⁰

194 2521 420 2599 supernataret,
438 2514 467 2578 vi
482 2534 633 2596 aquamm
655 2508 818 2576 fluentium
833 2510 997 2588 abductus,
1020 2511 1062 2576 ad
1084 2535 1172 2579 oram
1193 2527 1290 2600 usque

195 2613 410 2680 immanissimi
424 2613 508 2679 illius
522 2611 661 2678 barathri
676 2611 828 2698 pervenit.
874 2611 1021 2692 Quicum
1030 2610 1099 2699 jam
1115 2615 1289 2700 profundis·

193 2716 314 2792 simam,
339 2721 371 2779 et
397 2714 462 2780 sine
486 2711 547 2777 fine
569 2726 681 2798 patens
703 2711 797 2777 chaos
822 2710 1006 2797 adspiceret,
1022 2713 1149 2798 ipsoque
1174 2739 1289 2802 pavore

193 2823 408 2900 praemcrtuus,
420 2837 453 2880 se
468 2814 542 2878 illuc
555 2813 710 2878 ruiturum
724 2819 931 2898 exspectaret,
947 2812 1050 2878 subito
1065 2815 1148 2898 quod
1166 2839 1289 2902 sperare

193 2937 255 2980 non
269 2923 405 3002 poterat,
417 2937 494 2980 saxo
508 2913 643 2998 quodam
657 2909 849 2998 superjectus
864 2911 990 2980 insedit.
1035 2913 1183 2982 Decursis
1197 2917 1290 3001 siqui·

194 3015 266 3080 dem
287 3015 356 3103 jam
383 3015 537 3090 omnibus,
566 3036 634 3098 que
664 3011 824 3078 sorbenda
856 3029 955 3092 erant,
987 3014 1083 3098 aquis,
1110 3039 1174 3081 ore
1206 3017 1289 3086 illius

193 3115 316 3181 fererant
339 3117 494 3202 margines
520 3113 681 3179 denudati.
732 3112 879 3196 Dumque
901 3113 946 3178 ibi
969 3115 1052 3180 inter
1065 3117 1115 3180 tot
1128 3119 1289 3204 angustias

195 3217 317 3294 anxins,
332 3217 387 3280 vix
401 3217 442 3281 oh
456 3223 575 3280 metum
590 3213 746 3299 palpitans
767 3212 926 3292 resideret,
949 3213 1139 3300 dilatamque
1161 3219 1203 3284 ad
1224 3243 1290 3285 mo-

195 3315 300 3380 dicum
326 3323 458 3382 mortem
489 3315 689 3380 nihilominus
713 3313 879 3399 opperiret,
906 3315 1056 3400 conspicit
1085 3339 1157 3382 ecce
1185 3320 1289 3387 subito

195 3417 283 3499 quasi
303 3438 433 3501 magnos
454 3437 606 3500 aquarum
627 3420 749 3480 montes
767 3413 807 3478 de
820 3413 974 3499 profundo
991 3415 1117 3496 resilire,
1133 3441 1289 3506 navesque

194 3538 265 3599 quae
280 3515 434 3600 absorpta
448 3516 581 3592 fuerant,
597 3514 713 3600 primas
729 3537 895 3600 emergere.
940 3514 1081 3601 Onmqne
1095 3541 1159 3584 nna
1173 3543 1214 3586 ex
1228 3521 1289 3588 illis

195 3616 223 3679 ei
247 3615 393 3701 contigua
407 3613 505 3690 lieret,
521 3615 562 3678 ad
576 3637 645 3680 eam
662 3637 695 3680 se
709 3615 779 3681 nisu
792 3637 852 3699 quo
866 3615 969 3700 potuit
983 3617 1206 3703 apprehendit:
1231 3644 1289 3688 nec

193 3739 292 3793 mora,
320 3715 412 3781 celeri
441 3715 547 3779 volatu
577 3737 672 3799 prope
702 3715 778 3779 litus
809 3715 968 3793 advectus,
998 3719 1173 3785 metuende
1203 3723 1287 3789 necis

193 3839 283 3882 casus
312 3815 420 3894 erasit,
454 3815 570 3902 proprii
600 3815 799 3899 postmodum
831 3817 959 3901 periculi
992 3817 1108 3884 relator
1139 3820 1286 3890 existens.

195 3916 344 3982 Nostrum
359 3939 490 4001 quoque,
508 3915 542 3980 id
559 3923 617 3991 est,
634 3915 834 3980 Adriaticum
855 3939 950 3996 mare,
974 3919 1057 4001 quod
1080 3919 1286 4002 licet'minns,

193 4017 334 4082 similiter
348 4015 677 4092 tamenVenetiarum
701 4014 891 4101 Histriaque
906 4017 998 4083 litora
1014 4019 1169 4104 pervadit,
1187 4023 1285 4088 credi·

192 4117 254 4181 bile
278 4124 325 4181 est
347 4139 459 4201 parvos
480 4113 657 4203 hujusmodi
678 4116 876 4201 occultosque
897 4117 1011 4182 hahere
1027 4127 1158 4200 meatus,
1176 4123 1288 4206 quibus

194 4225 226 4281 et
258 4216 439 4282 recedentes
470 4239 557 4301 aquae
587 4215 780 4295 sorbeantur,
809 4225 841 4282 et
866 4239 988 4282 rursum
1016 4218 1168 4286 invasura
1194 4222 1287 4289 litora

193 4324 402 4382 revomantur.
469 4315 531 4384 llis
559 4317 665 4403 itaque
695 4317 876 4404 prelibatis,
905 4317 948 4384 ad
979 4327 1111 4406 eoeptam
1140 4323 1287 4388 narrandi

192 4417 303 4483 seriem
318 4417 491 4482 redeamus.
