3088 5080
538 461 831 519 raonneonnna.
1200 453 1231 520 oi

134 625 237 703 adeat,
262 625 457 711 largitionem
486 631 596 702 tentet,
624 630 784 708 tamquam
809 644 918 708 parum
944 623 1107 689 ambitiose
1131 624 1228 692 filium

135 724 222 790 ducis
238 726 355 812 gregali
371 724 482 789 habitu
496 723 703 789 circumferat.
749 723 961 808 Oaeaaremque
977 724 1150 810 Caligulam
1172 750 1226 813 ap-

134 825 242 909 pellari
279 825 366 890 velit.
424 825 583 889 Potiorem
616 821 687 910 jam
711 823 796 909 apud
824 825 979 890 exereitus
1006 825 1224 911 Agrippinam,

134 947 227 1008 quam
243 925 372 1010 legatos,
387 948 480 1010 quam
495 925 608 990 duces:
633 947 839 1010 compressam
854 946 874 988 a
887 925 1015 990 muliare
1030 926 1223 1005 seditionem,

133 1027 183 1090 cui
197 1048 307 1090 nomen
325 1025 473 1111 principis
489 1025 638 1090 obsistere
655 1047 717 1088 non
732 1024 896 1109 quiverit.”
940 1025 1142 1091 Accendebat
1158 1027 1224 1092 haec

133 1126 341 1210 onerabatque
363 1123 502 1210 Sejanus,
522 1125 634 1211 peritia
658 1147 779 1189 morum
805 1123 932 1202 Tiberii,
949 1126 1021 1190 odia
1043 1126 1075 1190 in
1095 1127 1223 1212 longum

126 1223 257 1311 jaciens,
274 1249 342 1311 qnae
356 1226 548 1302 reconderet,
565 1233 717 1308 auctaque
735 1231 899 1310 promeret.

177 1326 291 1391 LXX.
315 1327 362 1391 At
387 1326 592 1390 Germanicus
623 1325 789 1411 legionum,
813 1347 890 1410 quas
916 1326 1047 1390 navibus
1081 1337 1220 1407 vexerat,

129 1427 296 1493 secundam
328 1435 361 1492 et
397 1427 693 1511 quartamdecimam
719 1425 828 1490 itinere
854 1427 992 1506 terrestri
1022 1425 1061 1490 P.
1092 1428 1222 1493 Vitellio

128 1526 285 1593 ducendas
307 1527 416 1602 tradit,
441 1550 501 1612 quo
526 1527 623 1591 levior
646 1526 753 1591 classis
776 1525 891 1591 vadoso
916 1526 994 1590 mari
1017 1527 1149 1604 innaret,
1173 1530 1222 1593 vel

129 1628 284 1712 reciproco
320 1628 444 1693 sideret.
504 1627 651 1692 Vitellius
678 1626 811 1711 primum
840 1626 899 1690 iter
925 1627 1006 1691 sicea
1031 1626 1136 1704 humo,
1164 1640 1220 1695 ant

129 1728 250 1792 modice
267 1727 433 1792 adlabente
449 1736 536 1805 aestu,
554 1728 692 1812 quietum
705 1726 828 1792 habuit.
882 1727 962 1790 Mox
980 1727 1114 1813 impulsu
1132 1729 1220 1814 aqui-

128 1826 214 1906 lonis,
234 1828 325 1892 simul
350 1828 448 1893 sidere
471 1828 656 1912 aequinoctii,
672 1849 732 1912 quo
749 1827 886 1891 maxime
901 1827 1047 1892 tumescit
1066 1828 1218 1908 Oceanus,

126 1928 193 2011 rapi
211 1927 321 2010 agique
336 1949 466 2012 agmen:
495 1936 527 1991 et
541 1927 747 2012 opplebantur
761 1935 870 1992 terrae:
894 1927 1003 1992 eadem
1017 1927 1107 2007 freto,
1124 1929 1217 2010 litori,

127 2027 246 2111 campis
272 2026 384 2091 facies:
420 2049 518 2110 neque
545 2027 675 2091 discerni
701 2036 846 2112 poterant
877 2027 996 2092 incerta
1029 2029 1069 2093 ab
1101 2029 1216 2110 solidis,

6 2187 9 2194 .
127 2127 235 2190 brevia
257 2150 277 2191 a
300 2126 470 2212 profundis.
515 2126 704 2191 Sternuntur
727 2123 881 2200 fluetibus,
903 2127 1088 2193 hauriuntur
1111 2131 1218 2216 gurgi-

128 2227 229 2292 tibus:
247 2225 403 2312 jumenta,
427 2225 563 2304 sarcinae,
587 2248 715 2310 corpora
737 2227 881 2290 exanima
901 2225 1093 2306 interfluunt,
1112 2251 1217 2295 occur·

126 2335 217 2391 sant:
245 2327 470 2412 permiscentur
493 2327 575 2391 inter
601 2325 820 2409 semanipuli,
844 2325 938 2390 modo
963 2334 1096 2411 pectore,
1122 2330 1215 2395 modo

125 2450 178 2492 ore
207 2437 297 2493 tenus
325 2437 494 2510 exstantes,
521 2426 687 2512 aliquando
717 2425 876 2490 subtracto
910 2425 975 2490 solo
1007 2426 1128 2512 disjecti
1159 2439 1215 2495 aut

126 2528 252 2592 obruti:
291 2551 352 2592 nou
384 2551 453 2606 vox,
483 2538 515 2592 et
543 2528 645 2593 mutui
668 2526 812 2592 hortatus
834 2524 1000 2609 juvabant,
1030 2527 1215 2594 adversante

127 2628 229 2693 unda:
254 2629 330 2693 nibil
353 2637 496 2693 strenuus
517 2628 558 2693 ab
580 2628 703 2713 ignavo,
719 2626 842 2711 sapiens
864 2626 905 2690 ab
926 2626 1126 2711 imprudenti,
1142 2651 1216 2693 con·

125 2728 195 2792 eilia
223 2753 244 2794 a
274 2751 347 2794 casu
376 2727 521 2794 differre:
557 2737 670 2793 cuncta
698 2727 766 2812 pari
796 2726 941 2791 violentia
968 2727 1213 2794 involvebantur.

127 2828 268 2894 Tandem
285 2827 432 2895 Vitellius
453 2829 485 2893 in
510 2829 642 2893 editiora
663 2828 776 2904 enisus,
791 2826 901 2892 eodem
915 2849 1027 2912 agmen
1042 2828 1212 2892 subduxit:

125 2938 345 3014 pernoctavere
367 2931 432 2995 sine
454 2929 646 3004 utensilibus,
670 2929 735 2993 sine
757 2927 830 3013 igni,
848 2949 961 3013 magna
976 2950 1046 3011 pars
1061 2928 1144 2993 nudo
1159 2941 1215 2995 aut

124 3030 261 3094 mulcato
284 3053 422 3116 corpore,
439 3031 523 3094 haud
546 3029 649 3094 minus
672 3027 871 3105 miserabiles,
898 3050 990 3111 quam
1013 3051 1088 3111 quos
1115 3030 1214 3096 hostis

123 3130 342 3196 circumsidet:
370 3131 481 3216 quippe
504 3129 565 3194 illie
587 3129 681 3194 etiam
703 3128 843 3192 honestae
865 3127 975 3192 mortis
996 3151 1078 3206 usus,
1094 3129 1142 3194 bis
1163 3130 1213 3194 in·

123 3230 256 3314 glorium
282 3230 435 3295 exitium:
470 3231 525 3296 lux
551 3228 687 3294 reddidit
713 3236 848 3301 terramt
888 3237 1146 3313 penetratumque
1171 3231 1213 3296 ad

122 3352 246 3396 amnem
273 3330 439 3416 Unsingin,
469 3353 529 3414 qno
559 3329 663 3396 Caesar
687 3329 784 3394 classe
809 3328 1033 3393 contenderat:
1058 3329 1211 3415 imposita

123 3430 235 3495 deinde
260 3431 405 3518 legiones,
429 3438 563 3516 vagante
585 3430 669 3494 fama
690 3429 882 3502 submersas;
915 3451 972 3492 nec
995 3426 1072 3494 tides
1093 3429 1211 3508 salutis,

121 3541 290 3615 antequam
308 3532 460 3598 Caesarem
477 3530 707 3615 exercitumque
725 3529 871 3594 reducem
887 3528 1000 3594 videre.

167 3632 300 3697 LXXI.
323 3631 401 3697 Jam
441 3631 608 3696 Stertinius
640 3630 681 3694 ad
714 3628 929 3714 accipiendum
958 3629 989 3692 in
1019 3628 1209 3694 deditionem

122 3732 316 3817 Segimerum
338 3733 468 3798 fratrem
491 3730 628 3816 Segestis
649 3729 834 3815 praemissus,
851 3731 952 3804 ipsum
974 3732 1006 3792 et
1028 3727 1126 3793 filium
1144 3727 1210 3815 ejus

120 3833 153 3897 in
170 3833 329 3898 civitatem
345 3832 502 3897 Ubiorum
522 3831 729 3917 perduxerat:
755 3829 830 3894 data
854 3829 975 3914 utrique
997 3829 1097 3906 vonis,
1119 3829 1210 3895 facile

121 3933 289 4018 Segimero,
316 3934 515 3998 cunctantius
536 3929 619 3996 lilio:
647 3929 720 4014 quia
742 3929 901 4012 Quinctilii
925 3929 1004 3993 Vari
1027 3951 1137 4015 corpus
1162 3930 1208 3994 in-

119 4033 228 4098 lusisse
250 4034 422 4100 dicebatur.
480 4033 626 4098 Oeternm
649 4030 691 4095 ad
716 4029 889 4115 supplenda
911 4028 1066 4094 exercitus
1095 4029 1211 4096 damna

120 4141 277 4198 certavere
301 4133 420 4210 Gallia,
445 4132 617 4219 Hispania,
642 4131 756 4205 Italia;
781 4129 864 4213 quod
885 4131 995 4215 cuique
1017 4139 1207 4215 promptum,

119 4255 217 4311 arma,
241 4256 344 4319 equos,
367 4257 476 4299 aurum
498 4232 680 4297 offerentes:
708 4253 838 4314 quorum
860 4230 989 4294 laudato
1010 4229 1115 4296 studio
1131 4230 1208 4296 Ger-

120 4334 269 4412 manicus,
297 4333 391 4400 armis
415 4334 509 4398 modo
539 4341 571 4399 et
601 4333 686 4416 equis
712 4331 754 4396 ad
777 4331 893 4396 bellum
920 4330 1061 4416 sumptis,
1085 4331 1210 4416 propria

118 4435 250 4520 pecunia
265 4433 395 4498 militem
413 4431 509 4519 juvit.
554 4433 662 4518 thue
686 4431 783 4496 cladis
805 4430 987 4496 memoriam
1003 4430 1097 4496 etiam
1115 4433 1212 4496 eomi-
