3158 5122
592 464 870 522 nernnuouuna.
1233 453 1270 520 xi

183 632 293 698 Hister
306 632 405 697 oritur
418 630 528 706 amnis,
545 629 593 693 vel
608 637 752 715 stagnum
768 627 918 693 dilatatur
933 627 1125 714 Mysiauum,
1141 628 1272 696 tendens

182 733 346 818 usquead
376 730 504 798 flumina
532 730 660 816 Tyrum,
692 729 895 803 Danastrum,
919 736 951 792 et
976 728 1177 814 vagosolam,
1204 751 1273 794 ma-

184 857 341 920 gnumque
370 833 457 897 illum
481 829 672 906 Danubium,
696 829 894 912 Taurumque
926 837 1075 906 montem,
1102 851 1162 893 uon
1185 831 1273 895 illum

185 933 279 1012 Asiae,
296 933 350 999 sed
364 931 532 1018 proprium,
548 929 581 994 id
597 937 644 994 est
660 929 854 1015 Scythicum,
883 951 938 1014 per
961 951 1085 994 omnem
1114 929 1272 996 Maeotidis

184 1035 347 1111 ambitum,
362 1033 503 1116 ultraque
530 1029 694 1106 Maeotida,
710 1051 765 1114 par
778 1028 937 1113 angustias
959 1029 1089 1114 Bospori
1113 1052 1209 1114 usque
1230 1031 1273 1096 ad

184 1133 357 1200 (launacum
382 1139 529 1208 montem,
554 1151 736 1213 amnemque
752 1130 912 1194 Araxem:
949 1151 985 1193 ae
1009 1129 1121 1194 deiude
1146 1131 1178 1194 in
1200 1131 1272 1196 sini-

185 1243 283 1300 stram
309 1241 430 1320 partem
453 1229 579 1307 reflexa,
601 1237 672 1316 post
695 1251 780 1293 mare
805 1228 961 1314 Caspium,
978 1251 1046 1312 quae
1069 1229 1101 1294 in
1125 1233 1273 1297 extremis

185 1335 271 1401 Asiae
292 1333 404 1398 linibus
428 1333 468 1397 ab
490 1331 616 1396 Oceano
638 1329 827 1406 Euroboreo‚
849 1329 880 1393 iu
896 1329 1023 1396 modum
1037 1329 1123 1416 fungi
1139 1331 1272 1416 primum

184 1436 296 1510 tenuis,
313 1441 382 1519 post
398 1433 465 1496 haec
482 1430 632 1496 latissima
653 1437 685 1494 et
705 1429 839 1494 rotunda
858 1429 958 1494 forma
980 1429 1129 1508 exoritur,
1145 1453 1274 1516 vergens

183 1535 225 1600 ad
241 1534 384 1611 Hunnos,
401 1532 551 1608 Albanos,
565 1539 596 1596 et
613 1531 704 1598 Seres
717 1551 812 1614 usque
826 1529 1008 1615 digreditur.
1053 1531 1133 1595 Haeo
1146 1531 1273 1614 inquam

185 1635 296 1722 patria,
326 1632 359 1697 id
389 1640 437 1698 est
463 1631 602 1718 Scythia,
633 1631 724 1716 louge
753 1651 786 1695 se
813 1629 953 1706 tendens,
977 1629 1100 1714 lateque
1122 1631 1272 1716 aperiens,

185 1735 280 1800 habet
303 1735 343 1798 ab
365 1733 483 1798 oriente
509 1732 609 1806 Seres,
632 1731 664 1794 in
686 1731 753 1816 ipso
774 1731 821 1796 sui
845 1730 993 1816 principio
1015 1730 1056 1795 ad
1078 1729 1153 1797 litus
1168 1730 1272 1817 (laspii

187 1835 281 1899 maris
300 1840 550 1904 commanantes;
577 1831 618 1895 ab
643 1830 802 1894 occidente
825 1831 1006 1908 Germanus,
1025 1839 1057 1896 et
1082 1828 1195 1896 flumen
1213 1831 1274 1895 Vi-

186 1935 297 2008 stulac;
321 1935 361 1998 ab
383 1939 498 2008 armon,
516 1931 611 1996 idest
633 1931 875 2016 septentrionali,
891 1931 1101 1996 circumdatur
1124 1931 1269 1996 Oceano:

187 2057 207 2098 a
230 2033 359 2098 meridie
386 2031 522 2108 Perside,
538 2029 684 2106 Albania,
713 2029 854 2108 Hiberia,
885 2030 998 2110 Ponto,
1024 2039 1118 2115 atque
1133 2040 1272 2097 extremo

187 2135 275 2199 alveo
303 2133 414 2206 Histri,
441 2132 493 2215 qui
521 2131 635 2195 dieitur
664 2130 836 2206 Danubius,
862 2133 902 2195 ab
927 2129 1007 2196 ostio
1030 2153 1086 2196 sun
1109 2154 1206 2216 usque
1231 2133 1273 2196 ad

187 2233 315 2298 fontem.
359 2232 398 2296 In
420 2254 456 2296 eo
478 2253 550 2297 vero
572 2230 631 2294 loci
649 2229 754 2306 latere,
772 2253 833 2314 quo
856 2229 1022 2295 Ponticum
1044 2231 1119 2296 litus
1134 2232 1271 2318 attingit,

187 2334 308 2419 oppidis
333 2331 418 2398 hand
441 2332 578 2397 obscuris
601 2329 778 2407 involvitur,
807 2328 1034 2408 Boristheuids,
1056 2331 1157 2408 Olbia,
1182 2331 1273 2397 Galli·

187 2435 279 2520 pode,
303 2433 466 2510 Chersone,
490 2430 677 2507 Theodosio,
702 2430 852 2507 Perenne,
875 2430 1092 2516 Mirmynione,
1109 2439 1141 2495 et
1158 2431 1273 2517 Trape—

187 2543 298 2599 zunte:
323 2555 399 2618 quas
413 2533 571 2598 indomita
589 2531 779 2616 Scytharum
801 2530 941 2595 nationes
963 2530 1087 2596 Groecns
1109 2531 1273 2616 permisere

186 2635 327 2714 condere,
345 2634 468 2700 sibimet
494 2631 677 2697 commercia
698 2637 907 2715 praestaturos.
958 2629 997 2694 In
1022 2627 1110 2716 eujus
1136 2631 1273 2716 Scythia

187 2734 289 2800 medio
312 2742 358 2800 est
381 2734 474 2812 locus,
491 2732 543 2817 qui
559 2731 669 2797 Asiam
686 2731 905 2816 Europamque
930 2731 971 2795 ab
985 2730 1135 2796 alterutro
1150 2731 1273 2798 dividit.

188 2835 309 2922 Riphaei
323 2835 440 2900 scilieet
464 2840 596 2910 montes,
613 2832 666 2915 qui
692 2830 812 2896 Tanain
834 2830 1043 2897 vastissimum
1067 2831 1203 2896 fundunt
1228 2832 1275 2896 iu·

186 2943 323 3002 trantem
353 2934 526 3005 Maeotium
565 2930 652 3018 nujus
680 2930 803 3016 paludis
831 2931 977 2997 circuitus
1009 2953 1155 3018 passuum
1177 2932 1275 2998 millia

186 3059 304 3114 oxnnrr,
320 3057 472 3120 nusquam
485 3040 556 3098 octo
571 3032 651 3096 ulnis
665 3031 759 3096 altius
773 3031 970 3097 subsidentis.
1015 3030 1053 3096 In
1068 3053 1129 3116 qua
1144 3032 1276 3117 Scythia

187 3137 287 3222 prima
300 3137 340 3201 ab
354 3135 514 3200 occidente
528 3155 604 3219 gens
621 3131 702 3198 sedit
717 3131 918 3216 Gepidarum,
937 3154 1004 3215 quae
1025 3132 1146 3218 magnis
1167 3133 1275 3218 opina-

187 3239 287 3320 tisque
301 3236 438 3301 ambitur
451 3232 637 3300 fluminibus.
683 3232 764 3297 Nam
781 3231 923 3298 Tisiauus
937 3254 992 3317 per
1012 3232 1186 3316 aquilonem
1209 3230 1276 3319 ejus

190 3358 358 3420 corumque
391 3334 545 3401 discurrit.
596 3333 652 3398 Ab
680 3331 790 3398 Africo
813 3354 887 3398 vern
917 3354 1049 3417 magnus
1075 3332 1140 3418 ipsa
1167 3332 1275 3398 Danu·

187 3437 269 3511 bius,
284 3436 324 3500 ab
345 3457 418 3499 euro
439 3433 551 3500 fluvius
573 3432 683 3498 Tausis
698 3441 804 3498 secat:
833 3433 885 3517 qni
911 3432 1037 3518 rapidus
1053 3455 1090 3497 ac
1107 3433 1275 3500 verticosus

187 3537 219 3601 in
243 3536 346 3602 Histri
368 3532 484 3598 fluenta
504 3535 609 3599 furens
630 3532 814 3598 devolvitur.
868 3532 1024 3598 Introrsus
1038 3533 1082 3598 illi
1101 3531 1201 3598 Dacia
1217 3542 1275 3613 est,

188 3637 229 3702 ad
254 3658 373 3701 coronas
399 3634 532 3719 speciem
556 3632 661 3698 arduis
683 3632 818 3719 Alpibus
846 3633 1001 3698 emunita:
1023 3629 1119 3718 juxta
1146 3656 1275 3717 quorum

189 3737 348 3803 sinistrum
363 3737 454 3812 latus,
473 3733 556 3818 quod
570 3733 603 3798 in
624 3733 798 3816 aquilonem
813 3733 923 3819 vergit,
940 3741 972 3798 et
998 3734 1039 3798 ab
1053 3741 1122 3798 ortu
1143 3733 1276 3799 Vistula

189 3836 324 3903 fluminis
341 3859 396 3923 per
409 3836 561 3900 immensa
577 3833 679 3918 spatia
692 3835 787 3912 venit,
806 3833 1006 3898 Winidarum
1023 3832 1107 3898 natio
1129 3833 1278 3918 populosa

189 3937 339 4004 consedit.
383 3937 523 4018 Quorum
545 3933 671 3998 nomina
693 3933 766 3998 licet
790 3955 874 3998 nunc
898 3957 954 4019 per
969 3933 1071 3998 varias
1091 3932 1224 3999 familias
1245 3941 1277 3998 et

188 4039 256 4103 loca
283 4045 451 4116 mutentur,
467 4033 679 4122 principaliter
705 4041 810 4098 tamen
832 4033 968 4098 Sclavini
992 4040 1024 4098 et
1048 4033 1151 4098 Antes
1177 4033 1278 4098 nomi-

188 4147 313 4203 nantur.
359 4135 493 4201 Solarini
508 4133 669 4200 asinitate
683 4155 773 4211 nora,
790 4141 821 4199 at
838 4133 982 4198 Solavinn
997 4133 1229 4212 annnnense,
1246 4141 1278 4198 et

188 4239 258 4304 lacu
280 4239 332 4322 qni
354 4237 529 4322 appellatur
544 4235 717 4312 Munianus,
733 4257 830 4318 usque
846 4234 888 4299 ad
902 4233 1104 4312 Danastrum,
1120 4242 1153 4298 et
1174 4233 1206 4298 in
1223 4233 1279 4298 bo-

188 4363 273 4404 ream
299 4337 407 4403 Viscla
432 4348 523 4401 tenus
547 4342 796 4400 commorantur:
820 4333 853 4400 hi
879 4333 1009 4419 paludes
1033 4334 1196 4420 sylvasque
1222 4355 1278 4417 pro

188 4440 368 4506 civitatibus
391 4437 517 4503 habeut.
561 4436 663 4501 Antea
688 4457 770 4513 vero,
796 4436 849 4519 qui
875 4442 947 4500 sunt
975 4455 1081 4498 eorum
1109 4432 1277 4511 fortissimi,
