3158 5122
234 402 321 472 xxvi
510 417 586 511 run
611 416 792 473 euenum
818 417 866 472 or
892 417 1058 474 suerrus.

234 585 369 656 utentes,
391 586 459 643 arte
480 578 616 662 quadem
641 579 725 664 ligno
748 579 885 657 incurvo,
903 577 945 643 ed
968 601 1059 644 arcos
1083 577 1333 652 similitudinem,

233 679 315 744 ferus
340 689 555 762 assequuntur.
600 679 699 763 Apud
725 681 783 745 hos
806 687 854 744 est
877 679 1005 755 animal,
1020 702 1082 744 non
1098 680 1175 745 setis
1188 679 1335 744 absimile

235 801 336 854 cervo,
353 777 392 842 de
409 777 497 864 cnjus
512 801 569 865 ego
584 780 679 854 corio,
693 788 730 844 ιιι
752 780 854 844 fuerat
877 779 948 866 pilis
968 779 1135 866 hispidum,
1154 787 1273 844 restem
1298 781 1333 844 in

234 879 362 944 modum
379 880 505 955 tunice,
521 887 710 965 genutenus
730 888 872 965 aptatam
893 880 1049 964 conspexi,
1067 879 1150 946 sicut
1170 877 1239 964 jem
1261 881 1332 956 t'ati,

235 987 272 1044 ιιι
295 980 429 1044 relatum
457 987 516 1057 est,
543 979 711 1045 Scritobini
739 988 881 1045 utuntur.
937 980 1058 1062 Quibus
1086 981 1117 1044 in
1143 979 1219 1046 locis
1247 981 1332 1044 circe

235 1079 372 1145 aestivale
399 1079 578 1160 solstitium,
607 1103 663 1166 per
685 1079 803 1165 aliquot
827 1081 902 1159 dies,
923 1081 1018 1146 etiarn
1041 1089 1135 1145 noctu
1159 1080 1332 1146 clarissime

236 1181 292 1244 lux
309 1181 455 1258 cernitur,
474 1179 600 1266 diesque
614 1181 658 1246 ibi
672 1181 772 1246 multo
788 1178 929 1266 majores,
948 1202 1041 1266 quern
1058 1181 1132 1247 elibi
1154 1181 1327 1246 habentur:

235 1281 316 1345 sieut
340 1303 357 1344 e
377 1281 544 1356 contrario,
560 1282 642 1358 circu
666 1280 805 1347 brumale
829 1281 1006 1358 solstitium,
1027 1282 1168 1365 quemvis
1187 1280 1249 1345 diei
1272 1283 1331 1346 lux

235 1380 330 1458 adsit,
342 1381 389 1447 sol
403 1390 509 1447 temen
525 1381 568 1447 ibi
582 1405 644 1446 non
654 1380 787 1460 videtur,
801 1380 928 1466 diesque
943 1381 1074 1460 minimi,
1089 1403 1183 1466 quam
1198 1403 1330 1465 mquam

234 1481 320 1560 alibi,
334 1489 442 1547 nectes
457 1504 578 1567 quoque
593 1481 745 1567 longiores
762 1481 912 1548 existunt.
963 1480 1046 1563 Quia
1069 1481 1188 1547 seilicet
1210 1490 1329 1565 quanto

234 1582 334 1668 magis
356 1605 377 1646 e
397 1582 461 1646 sole
483 1582 605 1667 longius
625 1581 804 1660 disceditur,
826 1589 916 1646 tento
938 1582 984 1647 sol
1006 1582 1073 1667 ipss
1094 1589 1186 1647 terrae
1200 1582 1330 1650 ¹vicinior

234 1689 375 1767 apparet,
391 1688 423 1746 et
447 1681 565 1746 umbrae
585 1683 739 1767 longiores
758 1689 952 1748 excrescunt.
999 1682 1142 1766 Denique
1164 1683 1198 1747 in
1221 1681 1328 1759 italie,

233 1782 316 1847 sicut
344 1789 376 1846 et
390 1781 511 1865 antiqui
525 1781 723 1867 seripserunt,
740 1783 822 1847 circs
836 1781 919 1848 diem
933 1781 1047 1848 natalis
1062 1782 1200 1862 Domini,
1215 1805 1328 1847 novem

233 1882 328 1966 pedes
342 1882 375 1946 in
389 1881 502 1946 umbre
517 1887 645 1947 stature
659 1881 804 1947 humane
823 1883 902 1948 hore
921 1890 1012 1948 sexte
1031 1883 1213 1950 metiuntur.
1258 1883 1329 1968 Ego

233 1989 341 2046 sutem
354 1981 387 2046 in
405 1981 509 2046 Gellia
523 1981 659 2068 Belgica,
678 1984 710 2048 in
725 1983 793 2048 loco
807 1983 861 2066 qui
879 1983 1009 2048 Totonis
1022 1983 1097 2047 villa
1112 1983 1238 2058 dieitur,
1253 2005 1330 2047 con-

234 2081 374 2161 stitutus,
405 2090 506 2148 status
533 2083 595 2148 mei
622 2084 764 2148 umbrem
792 2083 935 2161 metiens,
961 2083 1069 2148 decem
1096 2089 1130 2148 et
1154 2105 1267 2148 norem
1293 2092 1328 2148 et

233 2182 328 2248 semis
349 2182 444 2268 pedes
465 2181 581 2248 inveni.
633 2181 686 2248 sie
699 2205 821 2268 quoque
835 2185 990 2249 contrario
1006 2183 1110 2262 modo,
1125 2192 1242 2268 quanto
1256 2206 1330 2268 pro-

234 2283 378 2368 pinquius
403 2283 565 2348 meridiem
579 2305 686 2349 versus
706 2282 748 2348 ad
767 2283 863 2350 solem
881 2283 1048 2363 acceditur,
1064 2290 1190 2348 tentum
1206 2305 1329 2368 semper

232 2383 351 2448 umbre
374 2382 531 2449 breviores
555 2382 720 2459 videntum
757 2383 789 2448 in
816 2392 950 2463 tentum,
978 2395 1015 2449 ut
1039 2383 1172 2449 solstitio
1195 2383 1328 2449 oestivsli

231 2484 404 2570 respiceute
425 2484 489 2550 sole
511 2484 551 2549 de
568 2484 671 2549 medio
686 2484 763 2561 eoeli,
780 2483 811 2549 in
828 2485 976 2571 AEgypto
991 2491 1023 2548 ct
1039 2481 1277 2570 Hierosolymis,
1293 2493 1329 2548 et

232 2586 264 2649 in
290 2607 397 2650 eorum
420 2585 580 2652 vicinitate
603 2585 782 2652 constitutis
801 2585 888 2663 loeis,
903 2585 995 2649 nulle
1017 2585 1183 2650 videantur
1197 2585 1328 2649 umbrae.

234 2684 273 2750 In
288 2685 409 2750 Arabis
423 2707 495 2751 vcro
511 2684 571 2749 hoc
590 2686 658 2770 ipso
680 2693 820 2771 tempore
842 2685 887 2751 sol
909 2707 1003 2770 supra
1022 2684 1162 2749 medium
1184 2684 1262 2762 eceli,
1284 2684 1328 2749 ed

233 2794 356 2871 partem
371 2785 524 2869 aquilonis
543 2787 691 2864 comitur,
714 2786 893 2870 umbraeque
909 2807 998 2851 verse
1012 2784 1080 2850 viee
1100 2791 1211 2850 contre
1232 2785 1329 2850 meri-

233 2886 316 2951 diem
329 2885 485 2952 videntur.

279 2985 342 3050 VI.
365 2986 432 3050 Nee
460 2987 537 3052 setis
566 2987 673 3073 procul
702 2985 743 3050 ab
770 2987 831 3051 hoe
853 2986 893 3050 de
914 3007 975 3070 quo
998 2984 1201 3071 premisimus
1223 2985 1326 3063 litore,

232 3093 342 3152 contra
365 3085 588 3152 occidentalem
612 3095 821 3173 partemque
842 3085 909 3151 sine
932 3083 993 3150 fine
1018 3084 1179 3150 Oceanum
1200 3085 1329 3172 pelagus

232 3194 332 3273 petet,
358 3186 598 3273 profundissime
622 3208 773 3272 equarum
793 3187 848 3250 ille
869 3207 983 3271 vorago
1010 3193 1068 3263 est,
1093 3208 1187 3270 quem
1210 3186 1328 3252 usitato

232 3285 358 3352 nominc
380 3285 475 3353 meris
494 3287 676 3353 umbilicum
697 3309 855 3362 vocemus,
877 3308 945 3370 quae
970 3285 1063 3351 bisin
1078 3285 1128 3350 die
1142 3284 1256 3352 flnctus
1272 3286 1328 3350 sb-

232 3387 366 3464 sorbere‚
392 3393 425 3452 et
449 3409 573 3452 rursum
596 3408 739 3453 evomere
765 3387 896 3452 dicitur:
920 3385 1002 3451 siout
1025 3409 1081 3471 per
1103 3386 1248 3451 universe
1272 3385 1329 3450 ille

231 3488 334 3564 litore,
353 3487 573 3553 accedentibus
589 3493 622 3552 et
644 3486 860 3553 recedentibus
876 3484 1032 3562 fluctibus,
1050 3487 1209 3552 celeritate
1230 3486 1330 3551 nimie

232 3584 299 3652 fieri
321 3587 549 3672 comprobetur.
596 3583 786 3672 Hujusmodi
808 3609 923 3673 vorago
944 3585 1009 3652 sire
1030 3585 1162 3674 vertigo,
1188 3609 1209 3652 e
1234 3593 1329 3672 poeta

234 3687 367 3775 Virgilio
390 3687 566 3774 (lhsrybdis
586 3687 771 3773 appelletur,
795 3709 888 3772 quern
909 3687 962 3752 ille
983 3685 1016 3752 in
1037 3686 1118 3752 freto
1140 3686 1245 3752 Siculo
1257 3709 1327 3752 esse

232 3809 288 3854 suo
302 3789 335 3854 in
351 3787 489 3854 carmine
502 3786 650 3873 loquitur,
667 3787 726 3853 hoe
742 3788 836 3854 modo
851 3787 974 3853 dicens:

380 3913 396 3946 “
407 3913 534 3967 Dextrum
547 3912 633 3984 Scylla
644 3913 721 3983 lotus,
732 3913 825 3968 laevum
837 3911 976 3984 implecetu
989 3911 1133 3984 Charybdis

406 3999 523 4068 Obsidet,
535 4010 612 4072 etque
624 4001 677 4054 imo
688 4000 799 4054 burethri
811 4009 850 4052 ter
860 4000 960 4071 gurgite
972 4009 1057 4052 restes

405 4085 497 4142 Sorbet
508 4087 536 4140 in
547 4087 683 4159 ebmptum
698 4087 799 4154 fluctus,
812 4103 949 4158 mrsusquc
960 4085 1009 4139 snb
1021 4102 1095 4138 sures

407 4172 491 4244 Erigit
503 4175 621 4242 alternos,
634 4183 660 4228 et
672 4173 756 4228 sidero
768 4173 882 4228 verberet
894 4171 990 4228 undo.”

232 4278 286 4346 Ab
299 4277 358 4342 hnc
373 4297 447 4342 sone
462 4276 578 4361 deque
592 4277 729 4344 diximus
742 4275 902 4362 vertigine,
918 4299 999 4362 saepe
1012 4299 1107 4343 neves
1122 4277 1236 4362 raptim
1259 4299 1329 4342 eur-

230 4379 348 4464 simque
365 4375 490 4444 adtrahi
506 4375 710 4456 affirmentur,
727 4384 818 4444 tento
830 4377 998 4457 celeritate,
1017 4385 1052 4443 nt
1068 4379 1253 4463 sagittarum
1270 4401 1327 4464 per
