3158 5122
324 436 382 505 xvi
595 453 672 510 rua
697 453 877 508 cunurur
904 452 951 508 or
975 453 1140 509 rucrrus.

318 610 398 700 jugo
427 613 470 678 ad
500 613 637 701 Ripheos
659 639 755 700 usque
783 623 904 680 montes
929 615 1117 680 extenditur.
1176 613 1317 699 Indeque
1341 617 1427 702 Scy-

324 713 418 778 thicis
431 715 576 799 gentibus
590 716 681 782 dorso
695 737 750 780 suo
765 716 931 780 terminum
947 715 1096 801 praebens,
1108 715 1149 780 ad
1165 714 1305 780 Pontum
1321 740 1428 801 usque
1554 714 1555 798 l

327 813 504 879 descendit:
534 817 741 900 consertisque
765 816 902 894 collibus,
929 815 1032 881 Histri
1059 839 1178 900 quoque
1201 813 1321 880 fluenta
1347 840 1425 882 con-

326 913 431 1000 tingit,
449 938 509 999 quo
531 916 630 981 amnis
647 917 758 981 scissus
773 915 944 990 dehiscens,
959 916 990 980 in
1009 913 1139 1003 Scythia
1154 939 1276 1000 quoquc
1292 916 1425 984 Taurus

327 1022 465 1080 vocatur.
518 1015 603 1081 Telis
632 1039 705 1102 ergo
730 1025 905 1099 tantusque,
932 1023 964 1079 et
987 1037 1063 1100 pene
1086 1015 1222 1080 omnium
1245 1018 1422 1094 maximus,

326 1115 464 1180 excelsas
489 1138 562 1180 suas
583 1117 702 1202 erigens
723 1117 928 1194 summitates,
950 1115 1083 1180 naturali
1097 1116 1321 1181 constructioni
1338 1141 1424 1203 prce-

325 1223 389 1280 stet
403 1215 548 1300 gentibus
562 1216 803 1302 inexpugnanda
816 1215 995 1280 munimina.
1041 1215 1122 1281 Nam
1136 1215 1260 1280 locatim
1274 1218 1422 1296 rescisus,

328 1338 390 1399 qua
415 1316 556 1402 disrupto
575 1316 653 1404 jugo
670 1316 759 1382 vallis
781 1317 870 1381 hiatu
890 1316 1032 1401 patescit,
1050 1337 1131 1381 nunc
1154 1315 1281 1401 Caspias
1294 1327 1420 1402 portas,

327 1437 410 1482 nuuc
438 1417 615 1494 Armenias,
645 1439 727 1482 nunc
758 1416 879 1493 (lilicas,
906 1417 954 1480 vel
984 1416 1152 1481 secundum
1180 1416 1282 1481 locum
1314 1419 1422 1502 qualis

326 1515 429 1596 luerit,
446 1517 540 1592 facit;
565 1517 618 1582 rix
633 1527 737 1582 tamen
756 1517 893 1602 plaustro
907 1515 1055 1595 meabilis,
1078 1515 1225 1580 lateribus
1248 1516 1280 1580 in
1304 1518 1422 1583 altitu-

328 1617 432 1682 dinem
455 1619 611 1702 utrimque
636 1617 770 1695 directis,
794 1617 846 1700 qui
873 1639 929 1701 pro
954 1616 1093 1702 gentium
1117 1615 1268 1680 vedctate
1290 1617 1419 1684 dinemo

326 1717 478 1783 uocabulo
487 1725 692 1802 nuncupatur.
717 1716 812 1782 Hunc
821 1716 902 1781 eninr
914 1715 1077 1792 Iamnium,
1090 1739 1163 1780 mox
1173 1716 1419 1802 Propanismum

329 1815 427 1881 Indus
441 1818 588 1902 appellat.
638 1817 778 1884 Parthus
791 1817 923 1902 primurn
940 1817 1061 1892 Castra,
1077 1825 1146 1901 post
1161 1815 1289 1880 Nifacen
1306 1818 1419 1886 edicit.

329 1917 428 2003 Syrus
440 1928 471 1982 et
489 1917 659 1984 Armenius
675 1917 813 1982 Taurum
826 1941 835 1989 ς
862 1917 988 2002 Scythae
1004 1915 1177 1981 Caucasum
1191 1939 1228 1980 ac
1244 1915 1416 2002 Riphenm‚

327 2019 500 2103 iterumque
526 2018 557 2082 in
584 2017 644 2082 line
677 2017 814 2082 Taurum
844 2017 1078 2103 cognominant:
1110 2016 1230 2100 aliaque
1251 2019 1418 2103 complura

328 2127 436 2203 gentes
449 2118 521 2184 huic
524 2116 602 2204 jugo
617 2117 729 2183 dedere
738 2117 898 2183 vocabula.
922 2117 966 2182 Et
977 2118 1048 2202 quia
1057 2116 1096 2181 de
1106 2113 1172 2202 ejus
1180 2117 1418 2184 continuatione

306 2219 312 2234 '
328 2243 428 2306 penca
442 2218 616 2296 libavimus,
631 2218 673 2284 ad
686 2219 872 2296 Amazones,
888 2217 970 2282 unde
983 2217 1173 2294 divertimus,
1189 2217 1364 2283 redeamus.

371 2319 491 2385 Veritae
506 2320 565 2396 hee,
580 2341 620 2384 ne
642 2340 749 2384 earum
774 2317 874 2402 proles
894 2325 1072 2392 raresceret,
1095 2339 1115 2381 a
1136 2316 1243 2382 vicinis
1267 2319 1419 2403 gentibus

327 2420 526 2486 concubitum
552 2419 729 2506 petierunt3
757 2418 842 2482 facta
866 2417 1004 2482 nundine
1026 2417 1120 2482 semel
1144 2417 1176 2482 iu
1197 2439 1287 2494 enno,
1305 2417 1353 2482 ita
1378 2429 1419 2484 ut

326 2521 439 2586 futuris
464 2520 656 2606 temporibus
681 2518 725 2584 eis
750 2517 862 2582 deinde
876 2517 1100 2582 revertentibus
1115 2517 1146 2581 in
1167 2516 1311 2603 idipsum,
1327 2519 1419 2603 quic-

327 2621 402 2706 quid
425 2628 534 2706 pertus
549 2618 711 2684 masculini
726 2617 883 2695 edidisset,
897 2619 978 2703 patri
991 2617 1154 2683 redderet:
1178 2618 1324 2702 quicquid
1339 2643 1418 2686 vero

325 2721 449 2787 feminei
477 2743 570 2787 sexus
594 2728 780 2796 nasceretur,
809 2725 909 2782 mater
939 2717 980 2781 ad
1010 2739 1098 2782 arma
1128 2718 1238 2783 bellica
1263 2719 1418 2785 erudiret.

327 2822 410 2899 Sive,
436 2830 472 2887 ut
500 2819 684 2906 quibusdam
708 2819 820 2905 placet,
846 2817 939 2883 editis
952 2817 1098 2892 maribus,
1111 2818 1264 2883 novercali
1278 2819 1351 2883 odio
1368 2819 1419 2884 in·

325 2921 420 2987 fantis
445 2920 611 2987 miserandi
635 2918 702 2984 fata
724 2917 927 3002 rumpebant:
962 2918 1008 2982 ita
1029 2918 1113 3002 apud
1134 2918 1201 2983 illas
1228 2917 1418 2985 detestabile

325 3022 521 3107 puerperium
548 3029 626 3098 erat,
652 3019 735 3104 quod
762 3017 875 3102 ubique
901 3026 1023 3082 constat
1048 3039 1114 3084 esse
1139 3018 1289 3083 votivum.
1335 3020 1417 3101 Qum

324 3121 491 3186 crudelitas
508 3119 568 3186 illis
579 3127 730 3184 terrorem
745 3139 894 3203 magnum
910 3118 1097 3198 cumulabat,
1114 3118 1257 3204 opinione
1273 3119 1417 3205 vulgata.

324 3221 407 3285 Nam
433 3243 512 3308 qua,
535 3242 619 3305 rogo,
643 3243 712 3305 spes
737 3227 818 3284 esset
839 3227 943 3302 capto,
966 3217 1019 3282 ubi
1041 3219 1157 3303 ignosci
1171 3219 1220 3283 vel
1242 3217 1304 3284 filio
1325 3220 1419 3286 nefas

323 3319 518 3388 habebatur!
563 3320 679 3385 Contra
705 3321 773 3394 has,
803 3326 839 3382 ut
866 3317 972 3395 femur,
996 3319 1155 3402 pugnabat
1176 3317 1348 3394 Hercules;
1382 3329 1420 3385 et

325 3421 466 3486 Melanos
489 3443 565 3505 pene
587 3420 657 3504 plus
674 3421 755 3498 dolo,
771 3440 864 3503 quam
881 3417 996 3482 virtute
1011 3418 1144 3503 subegit.
1188 3418 1325 3484 Theseus
1341 3443 1419 3485 vero

324 3519 510 3607 Hippolitan
536 3519 567 3584 in
592 3519 728 3603 praedam
754 3519 837 3592 tulit,
862 3517 900 3581 de
925 3541 985 3601 qua
1011 3519 1118 3602 genuit
1139 3528 1171 3583 et
1189 3517 1419 3605 Hippolytum.

323 3620 385 3685 Ha
401 3642 521 3705 quoque
533 3620 708 3684 Amazones
725 3628 794 3704 post
810 3618 875 3681 haec
891 3617 1024 3682 habuere
1038 3618 1176 3702 reginam
1191 3619 1314 3684 nomine
1330 3619 1418 3684 Pen-

321 3721 492 3798 thesileam,
509 3716 596 3804 cujus
622 3718 756 3806 Trojano
784 3719 863 3783 bello
890 3726 1001 3782 extant
1025 3717 1193 3784 clarissima
1214 3719 1418 3784 documenta

323 3819 405 3886 Nam
434 3822 481 3885 hae
508 3819 630 3884 feminae
655 3818 815 3904 usquead
839 3817 1055 3882 Alexandrum
1073 3820 1225 3904 Magnum
1239 3819 1421 3886 referuntur

322 3921 456 3986 tenuisse
471 3943 610 4004 regnum.

367 4019 430 4084 Sed
451 4043 490 4084 ne
512 4020 607 4098 dicas,
626 4020 665 4085 de
692 4019 766 4085 viris
790 4017 965 4083 Gothorum
985 4040 1084 4082 sermo
1099 4018 1293 4104 adsumptus,
1311 4020 1417 4084 curin

321 4119 442 4185 feminis
457 4119 578 4184 tamdiu
595 4127 788 4206 perseveret:
816 4118 936 4182 audiet
958 4117 1093 4183 virorum
1116 4119 1265 4205 insignem
1288 4127 1320 4182 et
1343 4119 1416 4184 lau·

321 4219 456 4284 debilem
472 4229 503 4284 et
518 4220 743 4285 fortitudinem.
789 4218 852 4283 Dio
866 4218 1040 4293 historicus,
1056 4227 1088 4283 et
1105 4219 1327 4303 antiquitatum
1343 4219 1417 4284 dili·

319 4319 517 4406 gentissimus
544 4319 715 4404 inquisitor,
742 4319 793 4403 qui
818 4319 902 4403 operi
938 4341 993 4383 suo
1024 4317 1134 4383 Getica
1163 4319 1290 4384 titulum
1322 4319 1417 4386 dedit

322 4423 413 4505 (quos
440 4419 538 4484 Getes
571 4417 639 4504 jam
673 4419 820 4505 superiori
852 4418 919 4482 loco
951 4418 1072 4484 Gothos
1106 4441 1171 4483 esse
1203 4419 1415 4503 probavimus,
