3158 5122
574 469 854 526 arnsoonnua.
1186 457 1261 528 xvii

54 601 59 608 ⁶
165 631 275 698 Orosio
286 632 387 698 Paulo
402 633 556 716 dicente);
575 632 626 698 hic
643 633 706 698 Dio
721 654 825 718 regem
841 631 903 712 illis
920 640 990 717 post
1005 639 1147 718 tempora
1158 631 1259 697 multa

164 743 395 810 commemorat,
423 733 547 798 nominc
575 733 757 819 Telephum.
814 732 862 798 Ne
886 755 959 798 vero
986 733 1055 817 quis
1084 732 1169 798 dicat
1197 731 1257 798 hoc

164 855 276 898 nomen
301 856 321 898 a
345 834 451 920 lingua
476 833 610 898 Gothico
637 834 762 898 omnino
784 833 979 919 peregrinum
1007 855 1082 910 esse,
1099 855 1190 898 nemo
1208 839 1257 900 est

164 933 216 1017 qui
231 933 349 999 noscat
363 933 581 1010 animadverti,
596 956 653 999 usu
669 933 814 1018 pleraque
830 933 958 998 nomina
973 942 1083 1020 gentes
1098 933 1254 1018 amplecti,

162 1041 200 1098 ut
226 1033 360 1099 Romani
388 1033 607 1112 Macedonum,
632 1033 733 1100 Graci
755 1034 977 1110 Romanomm,
1002 1033 1154 1098 Sarmatae
1177 1033 1256 1098 Ger-

163 1155 336 1224 manorum,
360 1135 457 1199 Gothi
482 1133 663 1220 plerumque
687 1141 873 1198 mutuantur
889 1133 1089 1199 Hunnorum.
1134 1133 1167 1199 Is
1181 1155 1255 1220 ergo

166 1232 320 1319 Telephus
342 1234 489 1301 Herculis
511 1231 602 1311 filius,
625 1242 718 1299 natus
740 1257 781 1298 ex
803 1235 897 1319 Ange
917 1255 1021 1298 sorore
1037 1233 1165 1312 Priami,
1182 1256 1255 1298 con·

158 1329 249 1419 jugie
276 1336 447 1421 copulatus,
475 1357 618 1421 procerus
645 1333 770 1418 quidem
795 1355 932 1419 corpore,
962 1331 1017 1398 sed
1048 1334 1117 1419 plus
1148 1334 1254 1420 vigore

162 1433 317 1513 terribilis,
343 1445 505 1521 paternam
529 1434 745 1500 fortitudinem
770 1434 900 1520 propriis
924 1433 1093 1500 virtutibus
1117 1457 1252 1518 aequans,

163 1531 309 1601 Herculis
325 1537 417 1622 genio
433 1535 540 1600 forma
555 1557 675 1620 quoque
692 1534 925 1600 similitudinem
940 1534 1103 1600 referebat.
1148 1532 1254 1621 Hujus

160 1632 266 1718 itaque
283 1659 412 1720 regnum
431 1635 575 1700 Moesiam
588 1635 783 1721 appellavere
803 1632 943 1722 majores.
995 1636 1072 1717 Qua
1096 1635 1255 1722 provincia

161 1734 202 1799 ab
227 1735 346 1800 oriente
362 1735 444 1800 ostia
465 1733 601 1806 fluminis
617 1733 765 1814 Danubii,
783 1759 804 1802 a
819 1735 948 1802 meridie
964 1735 1193 1816 Macedoniam,
1211 1735 1253 1800 ab

161 1857 274 1898 occasu
297 1834 462 1912 Histriam,
486 1857 507 1900 a
530 1835 740 1921 septentrione
764 1836 945 1902 Danubium
971 1835 1077 1902 habet.
1122 1836 1155 1902 Is
1180 1857 1254 1922 ergo

160 1933 318 2000 antefatus
340 1934 450 1999 habuit
471 1935 586 2001 bellum
611 1957 683 2000 oum
704 1934 835 2012 Danais,
857 1936 889 2001 in
906 1958 968 2020 qua
982 1959 1087 2022 pugna
1101 1936 1254 2003 Thessan-

162 2031 254 2098 dmm
282 2034 393 2100 ducam
421 2035 550 2100 Graeeire
578 2035 757 2110 interemit3
794 2043 827 2101 et
856 2036 931 2100 dum
959 2034 1092 2122 Ajacem
1124 2037 1253 2104 infestus

161 2131 293 2212 invadit,
314 2133 523 2221 Ulysscmque
548 2135 750 2221 persequitur,
778 2157 856 2220 equo
882 2135 1022 2212 cadente,
1046 2137 1111 2223 ipsa
1126 2139 1252 2216 corruit,

162 2232 355 2318 Achillisque
377 2231 484 2320 jaculo
514 2234 630 2300 femore
661 2235 829 2309 sauciatus,
861 2235 915 2301 diu
946 2236 1063 2302 mederi
1092 2238 1251 2322 nequivit:

163 2332 288 2399 Graecos
303 2343 418 2410 tamen,
430 2332 648 2422 quamvisjam
663 2334 794 2412 saucius,
807 2357 825 2399 e
840 2335 904 2401 suis
918 2334 1030 2402 linibus
1046 2338 1252 2422 proturbavit.

162 2431 299 2519 Telepho
315 2457 387 2500 vero
409 2434 565 2514 defuncto,
590 2435 761 2522 Eurypilus
783 2434 865 2501 lilius
884 2437 1031 2502 successit
1044 2437 1077 2500 in
1091 2459 1195 2522 regno,
1212 2459 1253 2502 ex

162 2532 281 2598 Priami
306 2536 470 2622 Phrygum
490 2537 571 2622 regis
595 2558 744 2622 germana
758 2535 945 2622 progenitus.
992 2537 1053 2618 Qui
1067 2537 1108 2602 cb
1123 2536 1254 2602 (lassan-

160 2632 224 2698 dra
239 2657 376 2700 amorem
394 2635 474 2700 bello
490 2636 636 2702 interesse
659 2634 805 2722 Trojano,
828 2659 865 2701 ac
887 2637 1067 2723 parentibus
1088 2659 1252 2722 soceroque

159 2734 238 2799 ferre
253 2735 404 2800 auxilium
419 2727 554 2822 oupiehs,
571 2759 645 2802 mox
659 2745 696 2802 ut
712 2737 798 2802 venit
815 2736 973 2802 extinctus
989 2745 1047 2802 est.

206 2833 307 2921 Cyrus
337 2859 394 2901 rex
424 2835 591 2902 Persarum
624 2845 694 2922 post
725 2836 843 2922 grande
871 2837 1078 2916 intervallum,
1109 2845 1142 2902 et
1172 2861 1251 2924 pene

159 2947 229 3019 post
252 2944 468 3002 sexcentorum
492 2937 623 3022 triginta
646 2959 799 3002 annorum
814 2945 964 3022 tempora,
980 2937 1132 3023 Pompeio
1148 2937 1251 3024 Trogo

162 3043 307 3114 testante,
323 3037 475 3102 Getarum
489 3038 603 3122 reginae
620 3036 746 3116 Tamiri,
764 3037 821 3104 sibi
839 3037 975 3115 exitiale,
998 3038 1103 3103 intulit
1124 3038 1251 3106 bellum.

161 3134 221 3214 Qui
243 3137 344 3202 elatus
366 3161 405 3202 ex
424 3137 509 3203 Asiae
533 3137 671 3215 victoria,
690 3136 788 3202 Getas
802 3137 914 3202 nititur
928 3135 1112 3224 subjugare;
1136 3139 1168 3205 iu
1184 3139 1252 3225 qui·

161 3233 218 3299 bus
243 3237 294 3319 (ut
317 3237 468 3321 diximus)
494 3245 677 3323 regnaverat
701 3237 845 3303 Tamiris.
890 3237 967 3320 Quae
990 3259 1061 3302 oum
1084 3239 1125 3304 ab
1140 3241 1249 3306 Araxe

160 3356 251 3398 amne
273 3336 348 3422 Gyri
373 3359 477 3402 arcere
499 3339 650 3424 potuisset
665 3361 816 3414 accessus,
833 3337 963 3404 transire
979 3347 1083 3404 tamen
1098 3341 1248 3425 permisit,

160 3433 275 3519 eligens
288 3437 384 3501 amnis
398 3460 468 3502 aum
483 3439 615 3513 vincere,
628 3461 721 3523 quam
737 3439 874 3503 locorum
888 3435 1035 3504 beneficio
1050 3440 1247 3505 submovere:

158 3534 242 3618 quod
256 3543 288 3600 et
304 3535 423 3600 factum
440 3545 497 3602 est.
542 3538 586 3602 Et
603 3540 744 3604 veniente
768 3538 861 3626 Cyro,
886 3539 987 3625 prima
1009 3541 1100 3606 cessit
1124 3541 1251 3606 fortuna

160 3634 287 3700 Parthis
311 3643 411 3713 tanta,
428 3645 465 3701 ut
492 3645 524 3702 et
548 3636 645 3704 lilium
668 3638 812 3713 Tambia,
835 3647 867 3704 et
890 3641 1057 3725 plurimum
1077 3642 1250 3706 exercitum

159 3735 360 3804 trucidarent.
413 3735 476 3802 Sed
501 3736 615 3802 iterato
640 3739 755 3817 Marte,
781 3738 871 3804 Geta
891 3761 961 3804 cum
977 3763 1033 3806 sua
1047 3740 1155 3826 regina
1170 3742 1251 3806 Par·

160 3835 231 3899 thos
246 3835 384 3902 devictos
398 3847 546 3924 superant
560 3845 654 3920 atque
669 3846 879 3923 prosternunt,
893 3841 1089 3926 opimamque
1112 3841 1250 3926 praedam

160 3934 199 3999 de
223 3935 267 4000 eis
288 3937 452 4006 auferunt:
478 3937 581 4022 ibique
596 3938 732 4024 primum
747 3938 920 4005 Gothorum
937 3963 1014 4025 gens
1028 3941 1127 4006 serica
1140 3941 1250 4006 vident

160 4037 303 4102 tentoria
361 4037 449 4103 Turro
479 4038 613 4104 Tamiris
649 4038 756 4124 regina
791 4047 885 4104 nacta
924 4039 1065 4120 victoria,
1100 4049 1250 4126 tantaque
1289 4035 1298 4054 '

159 4134 265 4220 praeda
289 4137 327 4202 de
350 4138 482 4204 inimicis
506 4139 616 4224 potita,
642 4139 674 4204 in
698 4147 820 4225 partem
846 4141 965 4206 Mesia
994 4141 1079 4226 (quae
1105 4165 1186 4207 nunc
1211 4165 1251 4206 ex

159 4257 273 4320 magna
288 4236 420 4324 Scythia
435 4262 547 4304 nomen
565 4248 717 4318 mutuata,
732 4240 833 4305 minor
853 4239 986 4328 Scythia
1008 4250 1055 4306 est
1078 4242 1249 4328 appellata)

159 4338 321 4416 transiens,
345 4337 388 4402 ibi
413 4338 444 4402 in
470 4349 564 4424 ponte
592 4342 709 4405 Moesia
733 4340 855 4414 colitur,
881 4351 912 4406 et
935 4340 1069 4407 Tamiris
1090 4341 1250 4406 civitatem

158 4459 214 4502 suo
242 4438 281 4502 de
307 4439 431 4504 nomine
458 4439 633 4505 aedilicavit.
694 4442 816 4505 Dehinc
841 4441 956 4506 Darius
985 4465 1041 4506 rex
1074 4441 1250 4518 Persarum,

1092 4565 1108 4604 r·
