3088 5080
250 425 300 497 32
525 441 603 498 uun
625 439 808 495 11111111
830 439 879 494 11
903 436 1069 493 vacuus.

290 613 312 654 c.
336 594 494 654 llxtensiou
515 595 547 654 os
565 615 631 654 area
651 594 725 654 from
744 593 889 670 Germany
908 601 939 652 to
958 593 1079 666 Britain,
1094 593 1164 652 from
1187 593 1298 654 Britain
1319 603 1350 652 to

250 691 403 752 America:
425 699 455 751 to
468 711 519 770 say
532 692 657 770 nothing
669 690 703 750 of
719 691 768 751 the
788 691 884 751 minor
903 692 1065 751 extensione
1079 690 1182 752 within
1196 690 1245 775 the
1258 691 1349 750 limita
1390 775 1395 784 '

249 789 283 848 ⁰f
291 788 440 962 hildigni
453 885 558 946 should
571 885 607 944 be
628 885 722 945 added
735 885 800 944 that
813 884 862 944 the
876 885 1015 944 Germane
1028 885 1061 944 of
1071 884 1120 944 the
1134 885 1232 944 Lower
1245 883 1347 956 Ruina,

249 983 308 1042 and
320 981 507 1061 westphalia,
521 980 570 1042 thc
588 981 724 1056 Frisians,
739 983 797 1042 and
818 981 1003 1055 Chenrsoane,
1016 1003 1087 1042 were
1108 983 1157 1042 the
1177 983 1297 1042 sections
1318 982 1352 1041 of

248 1079 299 1139 the
320 1081 490 1160 population
505 1080 598 1140 which
613 1081 730 1140 Tacitus
743 1081 794 1140 hes
818 1081 963 1142 described
988 1089 1061 1141 most
1081 1081 1112 1140 iu
1136 1082 1234 1140 detail.
1275 1081 1346 1138 Now

250 1177 337 1252 these,
352 1187 382 1238 to
392 1179 483 1258 judge
497 1181 569 1239 from
583 1180 633 1240 the
646 1188 762 1258 present
775 1187 928 1258 occupante
949 1180 982 1239 of
999 1179 1048 1238 the
1068 1189 1146 1258 parts
1161 1180 1191 1238 in
1205 1179 1346 1256 question,

248 1293 321 1334 were
334 1284 467 1357 amongct
481 1277 531 1337 the
544 1283 619 1337 most
632 1277 741 1358 typical
754 1276 787 1336 oi
796 1276 871 1336 their
883 1277 975 1336 etoclc

690 1521 903 1536 -AE——u-u

300 1727 348 1800 V.
374 1727 492 1810 Terra,
510 1728 578 1798 etsi
601 1723 786 1820 aliquante
803 1728 921 1822 specie
938 1727 1067 1812 differt,
1085 1729 1124 1798 in
1141 1751 1366 1832 unrversum⁹

248 1853 370 1916 tamen
387 1853 450 1915 aut
466 1843 563 1916 silvis
577 1843 718 1914 horrida
735 1853 798 1914 aut
822 1843 1012 1936 paludibus
1025 1845 1120 1915 foeda
1129 1847 1151 1915 :¹
1169 1845 1347 1916 humidior

250 1960 322 2055 qua
352 1958 499 2042 Gallias,
528 1961 707 2031 ventosior
738 1958 810 2051 qua
841 1959 1015 2031 Noricum
1052 1984 1093 2032 ac
1124 1960 1344 2032 Pannoniam

249 2079 397 2172 aspicit:
424 2078 510 2148 satie
533 2077 643 2161 ferax,
667 2077 917 2169 frugiferarum
946 2079 1112 2148 arborum
1146 2079 1344 2170 impatiens,

249 2217 417 2287 pecorum
432 2195 594 2278 fecunda,
612 2195 674 2265 sed
688 2194 898 2287 plerumque
916 2197 1125 2286 improoera:
1144 2219 1190 2265 ne
1206 2218 1345 2266 armen·

249 2312 296 2382 tis
314 2313 458 2405 quidem
476 2336 560 2384 suus
585 2311 708 2396 honor,
724 2321 786 2384 aut
803 2312 916 2407 gloria
934 2313 1080 2384 frontis:
1095 2335 1345 2418 numerogau-

248 2429 356 2500 dent:
373 2453 494 2523 eaeque
510 2430 593 2502 solae
610 2441 647 2502 et
662 2432 888 2526 gratissimae2
904 2453 988 2523 opes
1006 2439 1100 2500 sunt.
1141 2429 1343 2523 Argentum

247 2554 286 2618 et
298 2570 424 2618 aurum
442 2549 586 2641 propitii
602 2572 648 2619 an
664 2548 745 2619 irati
771 2549 819 2619 dii
837 2548 1056 2640 negaverint,
1075 2546 1212 2618 dubito.
1264 2545 1345 2618 Nec

247 2670 368 2734 tamen
392 2662 662 2747 adfirmaverim,
689 2665 824 2737 nullam
842 2663 1042 2736 Germania
1068 2687 1194 2735 venem
1221 2687 1346 2758 argen-

247 2787 325 2850 tum
343 2803 514 2851 aurumve
530 2781 691 2874 gignere:
710 2783 788 2875 quie
805 2782 901 2852 enim
920 2790 1096 2852 scrutatus
1112 2781 1193 2852 esti
1210 2803 1345 2874 posses-
1454 2800 1458 2806 ·

247 2897 345 2966 sione
372 2908 410 2968 et
444 2919 510 2968 usu
545 2896 640 2967 haud
668 2899 815 2991 perinde
847 2898 1070 2968 adficiuntur.
1128 2897 1194 2969 Est
1223 2897 1343 2968 videre

247 3012 341 3103 apud
358 3012 439 3083 illos
455 3023 624 3108 argentea
649 3038 741 3099 vasa,
768 3015 895 3110 legatis
921 3023 959 3085 et
983 3015 1202 3107 principibus
1219 3037 1342 3086 eorum

247 3130 386 3200 muneri
405 3131 498 3216 datu,
516 3133 641 3201 nonin
658 3131 729 3202 alid
746 3132 894 3214 vilitate,
913 3130 1022 3224 quim
1048 3153 1126 3223 quae
1153 3131 1261 3201 humo
1279 3131 1344 3202 fin-

245 3253 398 3339 guntur:
425 3267 639 3340 quamquam
669 3250 824 3341 proximi
850 3248 895 3319 ob
917 3271 1020 3320 usum
1048 3250 1342 3320 commerciorum

246 3384 372 3432 aurum
391 3373 429 3434 et
446 3372 635 3458 argentum
660 3365 699 3433 in
722 3367 837 3457 pretio
860 3365 1005 3449 habent,
1023 3365 1224 3456 formasque
1242 3388 1343 3458 quas-

247 3476 329 3548 dam
354 3490 481 3550 nostrae
504 3481 664 3572 pecuniae
689 3491 897 3574 agnoscunt,
921 3493 1029 3573 atque
1059 3481 1221 3575 eligunt:
1249 3483 1341 3552 inte·

245 3593 355 3666 riores
383 3596 580 3689 simplicius
603 3605 641 3666 et
667 3597 849 3690 antiquius
877 3599 1141 3692 permutatione
1169 3599 1340 3669 mercium

142 3787 144 3792 ,
246 3719 408 3783 utuntur.
461 3711 654 3784 Pecuniam
688 3715 842 3809 probant
869 3724 1028 3786 veterem
1053 3724 1091 3786 et
1118 3715 1180 3785 diu
1207 3723 1340 3796 notam,

246 3813 675 3922 81111111,Βίςειιοειᾳυθ.8
721 3830 924 3925 Argentum
943 3855 1085 3925 quoque
1105 3831 1217 3925 magis
1235 3827 1341 3924 quam

245 3967 372 4015 eurum
390 3956 595 4038 sequuntur,
621 3947 722 4020 nulli
747 3949 936 4022 affectione
953 3951 1073 4032 animi,
1099 3951 1160 4020 sed
1178 3950 1261 4040 quia
1278 3972 1341 4017 nu-

245 4083 365 4132 merus
394 4071 642 4154 argenteorum
661 4066 798 4138 facilior
815 4069 893 4140 usui
913 4076 968 4139 est
983 4067 1183 4159 promiscua
1198 4088 1240 4137 ac
1256 4063 1342 4136 vilia

188 4263 191 4274 Ι
244 4177 498 4250 mercantibus.
568 4233 577 4250 .
