3226 5088
301 345 372 414 114
568 358 645 413 run
670 357 854 412 nemsi
879 355 928 412 or
952 357 1120 412 ricinus.

459 515 581 575 Ostoaloa
592 514 651 572 alio
663 515 799 584 vocitant,
812 513 936 572 confina
947 533 1070 590 quorum

459 613 601 671 Infestant
614 611 768 687 conjuncta
779 611 838 670 suis
851 631 920 689 gens
933 611 1041 690 perlida
1055 610 1177 669 Scisti*

461 707 542 766 Inter
553 708 702 786 pradictus
714 707 810 766 modia
822 709 936 786 regione
948 718 1098 767 morentur

459 805 594 880 Arpos-ii,
604 804 728 882 populus
742 803 889 862 Saxonum
903 804 1026 876 tertius;
1045 803 1148 862 horum

458 901 555 960 Patria
568 901 743 959 Francorum
757 901 840 959 terris
853 902 978 960 sociatur
989 901 1027 959 ab
1040 909 1146 972 austro,

454 997 621 1074 Oceanoque
633 998 730 1056 cadem
744 997 931 1075 conjungitur
944 1018 982 1058 ex
994 999 1137 1074 aquilone.

982 1093 1069 1153 Poeta
1083 1094 1159 1153 Saxo
1172 1091 1209 1151 ad
1222 1111 1266 1150 an
1284 1091 1357 1149 772.

336 1265 397 1325 'l'he
412 1265 552 1345 hug-orii
564 1265 711 1343 separated
726 1264 774 1323 the
787 1267 873 1324 Eust-
886 1267 944 1324 and
964 1265 1165 1341 westphaliae

336 1364 384 1436 Or,
399 1365 447 1424 the
462 1365 629 1424 Ostertindt'
641 1363 715 1421 from
729 1363 779 1422 the
799 1365 993 1422 Weeertiudt
1443 1399 1446 1406 ·

334 1461 382 1532 Or,
396 1462 446 1521 the
459 1461 651 1520 suasanus
664 1461 737 1518 from
753 1459 801 1518 the
821 1461 1017 1530 ll'oet-Sosouo,
1031 1481 1048 1518 a
1066 1459 1189 1518 German
1202 1459 1302 1517 Em
1318 1457 1400 1516 from

293 1578 311 1615 a
338 1558 462 1616 German
493 1559 629 1628 lle-esea·
660 1558 710 1616 tho
733 1559 878 1633 Anprorii
908 1559 1002 1635 being,
1029 1558 1060 1616 in
1087 1557 1198 1632 reality,
1222 1577 1239 1614 a
1265 1555 1396 1614 Gennan

296 1656 473 1712 Middlc-sex.

334 1751 423 1810 “Rex
443 1771 527 1810 amne
547 1749 688 1830 (Wisura)
709 1751 827 1828 trajecto
847 1773 913 1810 cum
934 1760 1015 1830 parte
1035 1752 1176 1810 exercitus
1195 1751 1233 1810 ad
1249 1750 1394 1809 Oracrum

293 1848 415 1906 flurium
435 1847 590 1920 contendit,
611 1849 661 1906 ubi
682 1849 708 1906 ei
729 1848 823 1918 Bessi,
838 1869 913 1907 uuus
933 1869 948 1906 e
969 1848 1142 1926 primoribus
1163 1848 1309 1906 Saxonum
1322 1866 1393 1905 oum

293 1945 427 2002 omnibus
448 1946 581 2020 ostfalais
599 1965 754 2018 occurrens,
768 1954 797 2004 et
817 1946 936 2017 obsides,
950 1965 1021 2022 quos
1033 1966 1084 2004 rex
1099 1946 1294 2022 imperaverat,
1308 1945 1392 2002 dedit

293 2051 322 2100 et
342 2051 549 2101 sacramentum
570 2042 718 2102 fidelitatis
734 2043 854 2119 jurarit
903 2042 975 2102 Inde
995 2061 1125 2120 regresso,
1146 2063 1210 2102 oum
1231 2043 1262 2100 in
1283 2061 1391 2120 pagum

293 2139 344 2216 qui
358 2139 452 2198 Bucki
465 2147 583 2198 vocatur
597 2141 778 2217 pervenisset,
792 2141 939 2216 Aaqrorii
951 2158 1017 2198 oum
1030 2139 1089 2198 suis
1102 2139 1274 2217 primoribus
1293 2158 1394 2197 oooun

293 2245 400 2308 rerunt,
414 2245 443 2295 et
456 2237 530 2296 siout
552 2238 681 2314 Ostsaloi,
698 2237 786 2314 juxta
806 2238 883 2314 quod
903 2238 1097 2315 imperaverat„
1117 2237 1227 2296 obsides
1246 2257 1280 2295 ao
1298 2255 1393 2296 sacra·

292 2341 390 2392 monta
403 2333 542 2392 dederunt
563 2378 570 2391 .
595 2379 602 2392 .
623 2379 630 2392 .
653 2333 727 2393 Tum
742 2334 857 2392 demum
877 2335 1087 2410 Westfulootum
1100 2333 1246 2391 obsidibus
1255 2333 1391 2411 acceptis,

291 2433 328 2490 ad
342 2431 527 2490 hiemandum
541 2432 572 2490 in
588 2430 709 2490 Francia
722 2429 1045 2489 revertitur.”-Annal
1061 2429 1201 2489 Einhardi
1211 2431 1248 2488 ad
1258 2450 1302 2488 au.
1319 2430 1391 2503 775,

292 2529 374 2586 Perta
388 2530 407 2588 i.
425 2529 491 2586 155.
534 2533 550 2560 “
560 2527 641 2586 Tunc
661 2527 782 2586 domnus
796 2527 913 2586 Carolus
927 2573 934 2586 .
950 2573 956 2585 .
972 2573 980 2586 .
996 2528 1122 2606 pertexit
1135 2546 1224 2604 usque
1245 2527 1390 2586 Obaorum

291 2625 420 2684 flurium.
462 2625 510 2684 Ibi
531 2645 627 2683 omnes
640 2625 822 2683 Austrelendi
843 2625 967 2684 Saxones
989 2626 1133 2684 venientes
1152 2645 1218 2683 cum
1239 2623 1389 2696 llassione,

290 2733 319 2780 ot
341 2723 480 2781 dederunt
500 2723 611 2781 obsides
633 2767 639 2779 .
662 2766 669 2780 .
692 2766 699 2780 .
721 2730 860 2781 venerunt
878 2723 1022 2797 Anprorii
1040 2724 1091 2796 (al.
1106 2721 1243 2800 Ansam)
1263 2721 1293 2778 in
1313 2741 1391 2799 pago

292 2820 343 2896 qui
358 2819 465 2878 dicitur
478 2819 572 2878 Bucki
587 2840 645 2878 uua
658 2839 723 2878 oum
742 2819 876 2878 Bruuone
894 2828 923 2878 et
943 2820 1062 2898 reliquis
1082 2819 1268 2898 optimatibus
1288 2837 1388 2878 sorum

292 2924 320 2972 et
334 2915 475 2974 dederunt
488 2916 530 2974 ibi
543 2916 662 2989 obsides,
676 2917 751 2974 sicut
763 2917 907 2974 sacrarit
927 2960 934 2975 .
955 2961 963 2974 .
985 2963 992 2975 .
1015 2915 1145 2994 Stragem
1159 2936 1195 2974 ex
1209 2915 1249 2974 eis
1267 2915 1342 2986 fecit,
1356 2923 1389 2974 et

293 3013 417 3090 praedam
437 3013 558 3071 multam
579 3013 751 3089 conquisivit
771 3033 857 3090 super
876 3013 1041 3090 Westsoloos,
1060 3021 1089 3071 ot
1109 3013 1217 3072 obsides
1237 3011 1388 3086 dederunt,

292 3110 367 3168 sicut
380 3117 409 3168 et
421 3109 472 3168 alii
487 3109 781 3168 Saxones.”-Annal.
797 3109 919 3168 hauries.
933 3111 970 3168 ad
983 3130 1028 3168 au.
1045 3111 1112 3182 775,
1127 3109 1208 3168 Perta
1222 3110 1241 3168 i.
1259 3109 1324 3168 144.

333 3205 394 3264 'lhe
420 3206 564 3284 following
588 3207 674 3264 forms
695 3206 837 3284 approach
858 3205 906 3264 the
927 3207 1067 3286 supposed
1087 3207 1204 3265 modern
1222 3206 1387 3284 equivaleut

293 3301 436 3382 (Eopem)
453 3303 575 3379 closely;
605 3303 732 3378 “Aoperi
747 3303 778 3360 in
799 3303 931 3361 orientali
951 3305 1240 3382 regione-Anquria
1257 3303 1387 3362 occiden-

292 3401 514 3476 talis-Anport
526 3401 557 3458 in
574 3419 647 3478 pago
668 3399 910 3478 Logni-Anperi
930 3401 962 3458 in
981 3400 1150 3460 occidentali
1170 3401 1388 3479 regione-An-

289 3499 378 3574 potici
391 3496 559 3557 occidentali
580 3498 611 3555 in
632 3517 705 3575 pago
728 3497 1011 3575 Nithego-Aoqott
1032 3498 1062 3557 iu
1083 3519 1155 3578 pago
1172 3499 1262 3559 laeti?
1303 3498 1385 3576 They

293 3598 352 3654 also
367 3615 451 3674 prove
466 3595 514 3653 the
528 3595 697 3673 magnitude
711 3595 744 3654 of
753 3596 803 3654 the
816 3615 889 3654 area.

332 3693 413 3769 They
425 3693 484 3752 also
498 3693 589 3768 verisy
603 3692 652 3751 the
665 3693 759 3770 origin
773 3693 805 3751 01
814 3693 864 3751 the
877 3693 950 3751 form
963 3692 1106 3752 Bructeri
1118 3701 1169 3752 out
1189 3694 1222 3753 of
1237 3693 1286 3753 the
1305 3713 1384 3753 more

292 3789 424 3848 manifest
444 3789 604 3868 compound
625 3789 822 3860 Bruot-wore;
843 3810 874 3848 as
892 3789 956 3848 well
976 3810 1006 3849 as
1026 3790 1076 3850 tho
1095 3791 1234 3870 supposed
1248 3791 1341 3870 origin
1355 3792 1388 3850 01

291 3886 436 3945 Tencteri
448 3896 498 3944 out
512 3887 544 3944 01
554 3886 740 3945 'renotatam

331 3983 392 4042 l'hs
419 3983 543 4059 identity
563 3983 596 4041 01
616 3982 666 4040 tho
688 3982 881 4059 Angrivarios
902 3984 1019 4061 locality
1032 3983 1103 4043 with
1124 3983 1238 4062 Ilngern
1260 3985 1345 4063 being
1366 4007 1384 4046 a

290 4081 372 4158 point
386 4099 463 4159 upon
478 4079 570 4139 which
584 4079 671 4138 much
685 4088 776 4148 turns,
791 4081 870 4140 these
883 4080 985 4141 details
998 4082 1070 4142 have
1083 4082 1153 4141 boen
1167 4082 1252 4161 giren
1266 4084 1297 4142 in
1310 4083 1375 4142 1011.

429 4291 446 4326 '⁶
466 4291 579 4344 Obscrrc
594 4289 637 4343 tlte
651 4291 718 4359 csrly
733 4292 816 4344 notice
830 4293 858 4344 01
868 4291 911 4344 the
924 4291 1045 4344 Western
1055 4291 1211 4346 Slavonians.
