3144 5080
568 451 860 509 raonsaouanr.
1215 437 1263 505 lxi

212 616 396 684 XXXIII.
437 615 498 682 His
532 616 624 682 rebus
646 615 790 701 cognitis,
820 615 926 682 Caesar
949 615 1111 680 Gallorum
1143 617 1265 682 animos

169 719 271 785 verbis
303 718 507 794 confirmavit,
544 716 758 802 pollicitusque
799 725 857 794 est,
887 716 946 781 sibi
975 739 1044 782 eam
1079 739 1145 782 rem
1182 741 1263 782 curae

169 819 325 885 luituram:
350 841 495 904 magnam
519 840 551 882 se
575 817 689 882 habere
706 839 803 899 spem,
826 825 859 882 et
881 815 1030 882 beneficio
1053 839 1118 895 suo,
1136 827 1168 883 et
1192 841 1264 883 anc-

171 920 297 986 toritate
315 919 486 984 adductum
505 916 701 983 Ariovistum
718 915 811 982 finem
826 915 948 1003 injuriis
973 917 1140 983 facturum.
1192 917 1264 984 Hac

170 1021 309 1085 oratione
326 1019 444 1098 habita,
459 1018 622 1082 concilium
638 1017 766 1096 dimisit,
791 1026 824 1081 et
844 1018 1014 1084 secundum
1040 1041 1078 1083 ea
1092 1020 1200 1084 multae
1214 1041 1265 1084 res

171 1143 242 1186 eum
257 1121 472 1194 hortabantur,
488 1141 582 1202 quare
605 1117 662 1184 sibi
686 1141 751 1182 rem
766 1118 965 1204 cogitandam
983 1127 1015 1184 et
1037 1119 1265 1204 suscipiendam

171 1228 321 1306 putatote
356 1219 508 1305 imprimis
533 1219 618 1303 qnod
650 1217 789 1294 AEduos,
820 1218 932 1284 fratres
958 1220 1264 1306 consanguineosque

171 1343 381 1406 sepenumero
397 1341 418 1384 a
432 1326 542 1384 senatu
557 1318 742 1403 adpellatos,
760 1318 791 1382 in
807 1319 957 1384 servitute
981 1327 1075 1404 atque
1099 1320 1132 1384 in
1147 1320 1265 1385 ditione

171 1421 297 1486 videbat
327 1421 554 1486 Germanomm
588 1418 697 1496 teneri,
730 1441 897 1504 eommque
928 1419 1051 1486 obsides
1082 1442 1149 1486 esse
1181 1421 1265 1506 apud

172 1521 366 1586 Ariovistum
389 1543 426 1585 ac
444 1520 603 1605 Sequanos
630 1518 843 1605 intelligebat:
869 1520 951 1604 qnod
972 1520 1004 1584 in
1020 1529 1109 1586 tanto
1136 1521 1266 1607 imperio

172 1622 276 1708 populi
300 1621 433 1687 Romani
457 1619 670 1706 turpissimum
694 1620 753 1686 sibi
778 1627 810 1685 et
837 1620 1013 1706 reipublicae
1042 1643 1108 1687 esse
1134 1621 1265 1687 arbitra·

172 1723 275 1788 batur.
340 1721 511 1786 Paullatim
541 1728 648 1785 autem
679 1720 853 1786 Germanos
884 1743 1082 1787 consuescere
1119 1721 1265 1786 Rhenum

172 1824 328 1895 trausire;
356 1829 388 1886 et
405 1821 436 1886 in
453 1821 586 1886 Galliam
603 1843 750 1906 magnam
768 1843 875 1886 eorum
896 1822 1131 1886 multitudinem
1149 1824 1262 1902 venire,

174 1922 288 2008 populo
318 1921 460 1986 Romano
490 1921 694 2006 periculosum
723 1920 873 1987 videbat:
906 1945 1006 2007 neque
1036 1923 1095 1988 sibi
1125 1923 1266 1990 homines

173 2024 257 2088 feros
287 2043 323 2086 ac
353 2021 510 2098 barbaros,
541 2027 767 2105 temperaturos
802 2022 1014 2098 existimabat,
1052 2024 1137 2108 quin,
1169 2047 1265 2108 quum

174 2143 298 2186 omnem
324 2119 459 2185 Galliam
495 2127 706 2205 occupassent,
739 2130 775 2186 nt
813 2130 887 2186 ante
921 2122 1039 2188 Cimbri
1070 2124 1266 2210 Teutonique

174 2222 328 2300 fecissent,
343 2221 375 2285 in
401 2219 592 2306 provinciam
609 2219 730 2285 exirent
753 2227 845 2305 atque
863 2222 935 2288 inde
951 2223 984 2288 in
1000 2223 1125 2289 ltaliam
1141 2236 1267 2292 conten-

175 2321 285 2388 derant
300 2348 308 2396 ;
333 2321 504 2407 praesertim
519 2342 614 2404 quum
629 2319 788 2403 Sequanos
809 2344 829 2385 a
845 2323 1003 2406 provincia
1019 2331 1125 2389 nostra
1140 2325 1266 2392 Rhoda-

174 2445 233 2487 nus
255 2421 418 2488 divideret.
472 2421 593 2503 Quibus
616 2420 708 2484 rebus
732 2443 825 2504 qnam
850 2423 1015 2488 maturime
1043 2426 1266 2491 occurrendum

173 2523 315 2609 putabat.
362 2523 434 2608 lpse
456 2529 563 2586 autem
581 2521 761 2586 Ariovistus
783 2529 888 2587 tantos
909 2522 967 2587 sibi
990 2525 1127 2609 spiritus,
1144 2533 1267 2592 tantam

172 2623 389 2709 adrogantiam
405 2629 567 2697 sumserat,
583 2628 620 2686 ut
632 2621 777 2686 ferendus
791 2644 852 2686 non
868 2621 1035 2689 videretur.

230 2723 408 2788 XXXIV.
446 2723 656 2805 Quamobrem
692 2722 809 2808 placuit
844 2723 881 2802 ei,
923 2731 959 2788 ut
996 2724 1038 2789 ad
1069 2724 1265 2790 Ariovistum

175 2823 295 2910 legatos
318 2823 469 2901 mitteret,
488 2822 540 2906 qui
566 2822 607 2887 ab
633 2845 670 2886 eo
697 2821 899 2908 postularent,
927 2824 973 2888 uti
1003 2824 1136 2909 aliquem
1164 2827 1266 2891 locum

173 2923 311 2990 medium
339 2924 499 3008 utriusque
522 2922 675 3007 colloquio
698 2923 837 2998 diceret;
863 2924 942 2990 velle
965 2947 1031 2990 sese
1054 2925 1094 2991 de
1108 2927 1266 3013 republica

174 3033 207 3090 et
222 3026 352 3090 summis
373 3024 533 3107 utriusque
549 3023 641 3088 rebus
662 3043 733 3088 cum
751 3045 787 3087 eo
804 3045 905 3108 agere.
952 3025 991 3088 Ei
1007 3027 1156 3113 legationi
1173 3028 1265 3093 Ario·

175 3125 274 3191 viatus
289 3123 468 3210 respondit:
493 3122 648 3207 “Siquid
675 3123 733 3208 ipsi
759 3145 778 3187 a
796 3122 917 3190 cesare
934 3149 1012 3211 opus
1028 3135 1119 3207 esset,
1143 3151 1209 3194 sese
1226 3129 1268 3193 ad

175 3247 246 3290 eum
263 3235 427 3290 venturum
451 3224 565 3298 misem
591 3223 616 3288 si
639 3223 713 3306 quid
736 3223 787 3287 ille
805 3246 838 3290 sa
853 3227 939 3304 velit,
956 3226 1043 3291 illum
1058 3228 1100 3292 ad
1115 3252 1148 3293 se
1162 3229 1267 3295 venire

174 3334 326 3411 oportere.
371 3325 530 3390 Praeterea
560 3347 593 3390 se
623 3346 722 3408 neque
751 3323 816 3388 sine
847 3325 986 3390 exercitu
1020 3328 1052 3392 in
1083 3351 1135 3393 eas
1162 3337 1267 3413 partes

175 3426 285 3491 Galliae
301 3427 405 3490 venire
419 3423 543 3502 audere,
558 3446 635 3508 quaa
649 3423 754 3492 Cacsar
767 3425 957 3509 possideret;
982 3449 1081 3511 neque
1096 3429 1267 3495 exercitum

174 3527 240 3592 sine
270 3549 383 3612 magno
413 3533 588 3589 commeatu
617 3533 711 3608 atque
743 3524 941 3591 emolimento
970 3527 1001 3591 in
1031 3551 1128 3592 unum
1165 3529 1268 3594 locum

175 3627 356 3692 contrahere
388 3647 498 3711 posse:
531 3624 589 3690 sibi
621 3633 726 3689 autem
758 3625 871 3690 mirum
902 3627 1010 3704 videri,
1046 3628 1120 3712 qnid
1152 3628 1182 3693 in
1213 3651 1270 3694 sua

175 3727 287 3807 Gallia,
313 3749 406 3812 quam
434 3725 515 3791 bello
541 3725 754 3802 vicissetque
779 3725 975 3806 Oresari,aut
1001 3729 1126 3794 omnino
1154 3729 1269 3816 populo

175 3828 317 3893 Romano
334 3827 451 3912 negotii
468 3825 580 3892 esset.''

232 3928 393 3994 XXXV.
425 3925 487 3991 His
511 3924 665 4011 responsis
693 3925 734 3990 ad
764 3925 918 3992 (laesarem
946 3927 1061 4006 relatis,
1084 3928 1198 3994 iterum
1226 3931 1268 3996 ad

175 4051 246 4094 eum
261 4029 365 4094 (laesar
379 4029 497 4115 legatos
512 4049 583 4090 cum
598 4026 646 4091 his
657 4025 813 4092 mandatis
828 4027 947 4092 mittit:
973 4029 1160 4111 “Quoniam
1176 4040 1268 4094 tanto

176 4151 231 4192 sno
253 4129 417 4214 populique
436 4127 570 4192 Romani
592 4124 741 4192 beneficio
766 4127 919 4202 adfectus,
937 4152 1033 4213 quum
1050 4128 1082 4194 in
1105 4132 1268 4196 consulatu

176 4250 233 4292 arro
255 4252 311 4293 rex
335 4239 428 4313 atqua
454 4229 573 4293 amicus
597 4250 617 4292 a
646 4237 756 4292 senatu
785 4228 962 4312 adpellatus
987 4239 1078 4308 esset,
1102 4231 1183 4295 hanc
1208 4231 1267 4296 sibi

176 4327 349 4413 populoque
373 4329 515 4394 Romarm
529 4328 664 4413 gratiam
691 4327 829 4405 referret,
846 4337 881 4393 nt
899 4330 930 4393 in
955 4331 1140 4415 colloquium
1162 4331 1267 4395 venire

176 4429 327 4494 invitatus
352 4437 544 4514 gravaretur,
565 4451 664 4513 neque
687 4428 726 4493 de
747 4429 902 4494 communi
920 4452 953 4495 re
971 4431 1136 4497 dicendum
1159 4430 1268 4497 sibiet
