3144 5080
594 464 885 522 ruomoonans.
1203 449 1290 520 lxxv

195 629 281 712 facti,
308 631 374 697 sina
396 638 484 696 metu
503 638 590 695 trans
614 628 761 694 Rhenum
784 627 816 690 in
841 649 914 691 suos
927 625 1012 692 vicos
1034 625 1289 714 remigraverant.

197 731 260 796 His
285 731 455 798 interfectis
483 730 676 813 navibusque
705 749 813 792 corum
845 727 1012 813 occupatis,
1046 728 1225 813 priusquam
1253 750 1291 794 ea

197 852 268 917 pars
291 831 519 918 Menapiorum,
544 853 612 914 quae
632 830 711 894 citra
732 827 879 892 Rhenum
900 828 1005 912 quieta
1024 827 1056 892 in
1078 828 1143 894 suia
1166 828 1291 894 sedibus

197 940 275 1008 erat,
300 933 413 997 certior
437 930 536 1009 tieret,
557 928 673 994 flumen
694 928 884 994 transiemnt
903 935 1006 1014 atque,
1022 928 1165 994 omnibus
1184 949 1290 996 eorum

197 1029 335 1098 aediliciis
361 1032 530 1118 occupatis,
557 1031 706 1115 reliquam
730 1036 851 1115 partem
874 1029 985 1094 hiemis
1011 1051 1043 1096 se
1064 1051 1172 1094 eorum
1195 1029 1292 1116 copiis

196 1132 351 1197 aluerunt.

204 1291 206 1296 .
242 1233 286 1296 V.
314 1232 377 1300 His
409 1231 568 1297 derebus
598 1228 702 1296 Oaesar
732 1229 846 1294 certior
877 1228 990 1305 factus,
1016 1241 1048 1294 et
1074 1226 1290 1296 infirmitatem

199 1331 359 1398 Gallorum
389 1333 517 1408 veritus,
548 1330 630 1416 quod
657 1337 731 1396 sunt
760 1331 793 1395 in
823 1329 957 1395 consiliis
980 1329 1138 1417 capiendis
1160 1330 1292 1398 mobiles

199 1447 231 1498 et
255 1433 344 1500 novis
370 1434 548 1519 plerumque
574 1432 665 1497 rebus
691 1429 829 1508 student,
854 1431 931 1496 nibil
961 1429 1010 1496 his
1031 1430 1291 1497 committendum

199 1534 402 1600 existimavit.
447 1532 507 1599 Est
535 1541 642 1597 antem
672 1531 730 1595 hoc
756 1531 885 1596 Gallica
914 1530 1155 1608 consuetudinis,
1184 1531 1232 1596 uti
1258 1537 1290 1596 et

200 1635 345 1712 viatores,
369 1634 465 1699 etiam
493 1633 618 1711 invitos,
650 1633 816 1697 consistere
842 1640 956 1718 cogant
985 1638 1028 1708 et,
1051 1630 1133 1715 quod
1163 1632 1291 1717 quisque

201 1758 308 1800 eorum
338 1734 377 1798 de
409 1757 529 1819 qusque
558 1756 591 1799 re
620 1731 755 1798 audierit
785 1741 841 1796 aut
873 1733 1062 1817 cognoverit,
1092 1741 1232 1816 quaemnt
1258 1739 1291 1797 ct

200 1843 389 1899 mercatores
408 1835 441 1899 in
463 1834 585 1920 oppidis
607 1833 718 1918 ridgus
743 1833 961 1911 circumsistat,
989 1832 1160 1918 quibusque
1182 1855 1222 1898 ex
1243 1855 1291 1898 re-

199 1935 343 2018 gionibus
371 1935 508 2011 veniant,
535 1957 670 2018 quasque
695 1933 738 1997 ibi
766 1955 815 1998 res
846 1933 1057 2018 cognoverint,
1089 1933 1292 2018 pronunciare

203 2040 327 2118 cogant.
392 2032 455 2099 His
490 2033 664 2098 rumoribus
699 2040 793 2117 atque
828 2033 1041 2099 auditionibus
1077 2034 1220 2119 permoti,
1252 2034 1291 2098 de

203 2132 331 2198 summis
363 2155 446 2219 saepe
476 2132 567 2197 rebus
588 2132 714 2197 consilia
744 2133 863 2210 incunt,
881 2156 1012 2218 quorum
1039 2157 1131 2200 eose
1159 2135 1292 2220 vestigio

202 2233 350 2320 poenitere
379 2255 502 2298 necesse
531 2239 588 2309 est,
611 2253 705 2315 quum
731 2232 857 2298 incertis
890 2233 1065 2300 rumoribus
1094 2234 1231 2300 serviant
1259 2243 1293 2300 et

204 2333 339 2419 plerique
355 2333 397 2397 ad
414 2331 608 2399 voluntatem
623 2353 730 2396 eorum
745 2329 819 2396 licta
831 2332 1049 2418 respondeant.

247 2433 310 2500 VI.
333 2435 404 2515 Qua
424 2433 647 2499 consuetudine
674 2433 807 2518 cognita,
841 2433 955 2510 (laasar,
983 2456 1022 2498 ne
1049 2434 1184 2519 graviori
1210 2435 1293 2500 bello

202 2542 385 2614 occurreret,
413 2534 575 2613 maturius,
600 2556 694 2618 quam
725 2541 898 2609 consuerat,
928 2533 971 2597 ad
999 2533 1172 2599 exercitum
1201 2533 1293 2621 proli-

202 2635 338 2704 oisoitur.
384 2635 432 2698 Eo
458 2657 553 2719 quum
576 2635 719 2712 venisset,
750 2656 796 2711 ea,
819 2655 887 2717 quae
916 2634 982 2698 fore
1011 2633 1186 2719 suspicatus
1214 2645 1293 2712 erat,

204 2735 288 2800 facta
317 2735 472 2822 cognovit,
506 2735 616 2800 missas
649 2733 820 2820 legationes
850 2735 892 2800 ab
925 2733 1081 2800 nonnullis
1113 2735 1296 2804 civitatibus

203 2835 245 2900 ad
271 2835 455 2909 Germanos,
479 2834 687 2919 invitatusque
714 2857 775 2912 eos,
802 2835 850 2899 uti
871 2835 913 2900 ab
941 2835 1052 2900 Rheno
1076 2833 1292 2912 discederent;

203 2937 366 3020 omniaque
393 2957 463 3019 quae
489 2936 708 3020 postulassent,
738 2935 778 3001 ab
809 2957 843 3000 se
871 2935 937 3000 fore
966 2943 1086 3020 parata.
1138 2937 1209 3018 Qua
1239 2959 1294 3024 spe

203 3036 332 3101 adducti
349 3035 498 3101 Germani
514 3035 608 3101 latius
619 3034 688 3122 jam
705 3035 899 3122 vagabantur
919 3045 952 3101 ct
969 3035 1002 3100 iu
1025 3033 1095 3103 finis
1110 3035 1293 3102 Eburonum

203 3144 235 3201 et
256 3136 497 3214 Condrusorum,
521 3135 669 3222 quisunt
691 3136 890 3200 Trevirorum
915 3135 1052 3214 clientes,
1077 3147 1293 3222 pervenerant.

206 3236 405 3323 Principibus
439 3235 549 3300 Galliae
584 3235 732 3314 evocatis,
769 3237 873 3303 Gaesar
904 3259 951 3315 ea,
988 3259 1057 3320 quae
1089 3247 1291 3324 cognoverat,

204 3337 428 3402 dissimulanda
453 3337 509 3402 sibi
531 3336 733 3414 existimavit,
758 3359 925 3420 eorumque
947 3337 1059 3402 animis
1080 3338 1243 3423 permulsis
1261 3349 1293 3406 et

203 3436 393 3503 confirmatis
429 3437 629 3522 equitatuque
667 3436 831 3522 imperato,
870 3437 986 3502 bellum
1021 3459 1094 3502 cum
1130 3437 1296 3506 Gemaais

201 3560 308 3626 gerere
325 3537 500 3603 constituit.

248 3638 331 3702 VII.
365 3638 413 3702 Re
456 3636 662 3702 frumentaria
696 3645 877 3723 comparata
908 3637 1124 3722 equitibusque
1155 3637 1293 3718 delectis,

203 3739 264 3804 iter
285 3739 317 3804 in
340 3761 378 3804 ea
399 3739 467 3804 loca
490 3739 591 3803 facere
613 3737 715 3823 capit,
739 3738 850 3823 quibus
874 3739 907 3803 in
930 3739 1007 3803 locis
1034 3760 1100 3803 esse
1123 3736 1296 3808 Germanos

204 3839 364 3904 audiebat.
409 3839 441 3904 A
471 3838 699 3922 quibusquam
724 3861 894 3924 paucorum
924 3839 1045 3903 diemm
1073 3838 1134 3903 iter
1161 3840 1295 3921 abesset,

203 3940 300 4024 legati
314 3939 355 4006 ab
374 3939 424 4006 his
445 3945 607 4016 venerunt,
624 3960 754 4022 qnorum
776 3937 843 4003 baee
862 3939 923 4004 fuit
944 3937 1063 4003 oratio:
1092 3937 1296 4008 “Germanos

204 4061 303 4124 neque
325 4040 443 4126 priores
467 4038 581 4125 populo
609 4039 752 4103 Romano
774 4038 890 4103 bellurn
915 4038 1038 4116 inferre,
1064 4061 1163 4124 neque
1188 4047 1296 4107 tamen

205 4161 356 4220 recusare,
378 4140 403 4206 si
425 4140 626 4215 lacessantur,
654 4139 727 4224 quin
755 4139 850 4205 armis
873 4139 1085 4214 contendant3
1112 4141 1195 4224 quod
1218 4142 1296 4208 Ger·

205 4261 368 4304 manorum
390 4239 581 4306 consuetudo
607 4239 673 4304 haee
695 4240 736 4306 sit
762 4263 781 4304 a
808 4238 977 4327 majoribus
1006 4237 1133 4316 tradita,
1158 4240 1297 4325 quicum·

206 4363 266 4424 que
290 4339 406 4404 bellum
427 4340 573 4415 inferant,
595 4340 748 4418 resistcre,
770 4362 869 4424 neque
897 4338 1072 4426 deprecari:
1100 4339 1167 4405 baec
1189 4349 1297 4408 tamen

206 4440 321 4516 dicere,
353 4439 472 4507 venisse
502 4440 624 4521 invitos,
657 4437 772 4525 ejectos
801 4440 906 4507 domo.
967 4439 1002 4505 Si
1037 4461 1125 4506 suam
1160 4441 1296 4532 gratiam
